2316 4416
329 346 484 437 Rerum
502 350 737 434 Scoticarum

101 470 131 535 ifi
138 492 222 551 opera
234 470 381 533 hominum
392 492 502 533 antrum
512 471 625 533 subinde
635 490 807 555 purgaretur,
824 472 941 547 spatium
956 468 1004 551 uli,

96 554 204 609 ›rnitem
214 548 292 607 brevi
301 550 494 623 compleretur.
532 550 619 623 Lapis
630 568 722 609 autem
736 553 786 633 qui
797 556 838 615 ita
852 552 987 631 gignitur,
1001 569 1004 597 i

91 632 198 687 ‚tedium
209 644 337 683 naturam
351 624 423 685 intei·
434 628 551 717 glaciem
565 626 595 683 u
604 622 699 685 saxum
710 626 818 685 obtinet
830 646 838 683 r
850 633 894 715 'eit
907 626 982 717 enim
993 621 1004 681 l

81 723 216 842 :un
224 702 590 863 ,intulliset
606 696 1004 839 neuuilit}

77 878 128 917 sex
142 854 299 915 hominibus
309 852 365 911 fide
377 854 480 937 dignis,
496 856 615 913 irmilem
638 872 689 929 per
699 859 795 915 omnia
807 852 871 915 huie
889 849 1004 927 speluoo

71 938 114 992 :in
127 936 255 1007 proximo
268 932 408 1007 Pyrenaeo.

66 1010 195 1069 xxvnl.
215 1007 295 1063 Ultra
306 1004 518 1065 Buchaniamad
536 1004 732 1079 septentriones
750 1006 813 1065 duae
823 1002 884 1063 sunt
902 1006 1004 1085 regium

63 1131 71 1159 ,
89 1084 210 1143 Boina&
223 1082 318 1154 Ainia,
333 1104 396 1165 quae
403 1079 485 1163 usque
493 1080 529 1139 ad
541 1082 650 1155 Sporam
669 1082 771 1141 flumen
781 1086 929 1157 pertinent,
945 1086 998 1163 qui

57 1180 107 1221 irat
120 1181 190 1219 easa
203 1160 340 1217 Moravia.
377 1160 476 1219 Oritur
487 1176 580 1215 autem
589 1160 668 1233 Spaea
681 1156 788 1218 edotio
800 1156 981 1230 Badeoaebu,
1001 1183 1004 1209 ι

52 1260 66 1296 ,s
80 1238 271 1295 meminimus:
290 1254 337 1291 nec
358 1233 438 1319 longe
455 1234 489 1292 ab
506 1238 562 1309 ejus
587 1232 663 1292 fonte
675 1236 749 1294 lacus
765 1235 814 1307 est,
838 1235 911 1291 unde
929 1252 1004 1291 erton

47 1332 128 1385 ntea,
147 1334 178 1371 ac
200 1307 227 1369 se
247 1313 276 1367 in
289 1311 429 1369 octiduum
442 1311 664 1370 mareclevolvit.
705 1311 754 1369 Ad
774 1312 874 1369 ostium
888 1314 943 1385 ejus
957 1306 1004 1367 fet

42 1391 166 1465 ›ppidum
178 1386 269 1445 nobile
285 1382 374 1460 fitille,
391 1410 407 1445 a
427 1386 513 1445 fluvio
524 1388 718 1446 linnerluttam
734 1404 927 1461 nutteupatunt.
963 1384 1004 1443 Cr

37 1466 88 1524 ive
100 1484 179 1523 terrae
195 1466 293 1523 vicina
303 1460 404 1537 speller
418 1466 570 1543 ingenium,
600 1462 656 1521 live
668 1462 893 1546 navigationis&
914 1458 1004 1521 suive·

32 1545 89 1599 onis
100 1542 249 1599 maritimae
259 1540 496 1611 commoditatem,
512 1538 584 1595 locus
597 1540 633 1597 eil
651 1542 803 1600 admodum
826 1542 954 1615 emporio
966 1556 1003 1613 ap

29 1614 115 1677 Prisci
130 1636 239 1699 qnoque
254 1614 357 1690 Reges,
376 1614 424 1673 has
440 1621 656 1689 opportunitates
670 1614 760 1690 secuti,
779 1619 886 1697 aliquot
907 1612 1004 1673 seculis

27 1692 235 1765 habitaverunt,
253 1694 281 1749 in
293 1678 400 1749 livonia
413 1712 483 1763 arce,
500 1710 585 1772 quam
604 1712 675 1751 nune
689 1693 784 1752 multis
807 1688 878 1751 falso
895 1686 1004 1765 persual

29 1770 68 1828 eli
80 1766 133 1827 elle
145 1766 408 1849 Stephanodunum.¹
434 1768 499 1843 Ejus
512 1772 587 1825 enim
600 1771 665 1827 arcis
678 1770 778 1829 nidera
788 1768 817 1827 &
834 1766 978 1849 vestigium
998 1789 1004 1826 r

28 1846 128 1905 hucin
145 1844 239 1903 Lorna
251 1842 443 1904 monstrantur.
480 1842 546 1901 Sunt
565 1846 727 1920 regimenio
736 1846 846 1928 aliquot
855 1846 961 1923 exiguae
976 1844 1004 1900 in

29 1920 198 1982 Bucltaniam
209 1918 238 1977 ὅ(
248 1941 323 1977 mate
335 1922 474 1979 occiduum
485 1921 632 1995 interjeblae
646 1947 655 1981 ε
672 1918 787 1979 sedtum
799 1920 869 1983 nihil
881 1918 1004 1981 habeant

30 1997 106 2079 ligne
119 2019 149 2057 ac
161 2015 272 2054 narratu
283 1998 435 2055 admodum
449 1997 642 2071 memorabile,
660 2014 715 2057 non
728 1998 856 2082 estquod
872 2000 901 2055 in
913 2001 953 2055 eis
966 2016 1004 2064 ern

31 2076 127 2135 candit
138 2077 329 2131 immoremur.

69 2151 171 2207 XXIX.
192 2148 274 2204 Ultra
287 2148 392 2229 Spaeam
405 2142 536 2227 usquead
548 2146 671 2222 Ness‘um,
686 2143 810 2233 sequitur
822 2148 962 2222 Moravia,
981 2170 996 2207 o

31 2223 220 2303 (rrtcredrtur)
238 2224 326 2283 Varar
337 2220 419 2279 diua.
459 2222 534 2281 Inter
552 2244 597 2286 eos
618 2244 714 2285 amnes
725 2230 850 2287 Oceanus
874 2222 992 2287 Gennar

31 2303 109 2363 velut
124 2320 198 2359 retro
209 2304 237 2355 in
249 2301 416 2358 occidentem
427 2313 531 2357 terram
544 2322 636 2397 agens,
662 2300 720 2361 suiu
743 2302 885 2461 vadqpq'pm
908 2302 987 2361 laxit:

30 2380 154 2458 castigat.
189 2375 267 2435 Tota
279 2393 381 2459 quanta
394 2370 504 2437 ell'haee
516 2396 594 2461 regio
611 2378 732 2460 frugibus
750 2378 780 2437 ἃ
863 2380 903 2437 uis
915 2376 982 2439 fuet

31 2449 195 2513 amte'nitate
206 2470 282 2523 vero,
299 2448 540 2511 &fructiferarum
554 2457 683 2512 arborum
703 2475 844 2535 proventu,
872 2472 977 2515 totrtu·r

31 2530 114 2589 filcile
135 2532 234 2611 prima.
269 2528 333 2587 Duo
344 2546 498 2586 memoratu
523 2530 608 2609 digna
628 2530 709 2589 babet
726 2533 838 2612 oppida,
861 2532 972 2608 Elginar

33 2608 157 2665 luxiam
170 2624 291 2676 amnem,
309 2610 359 2684 qui
377 2624 476 2661 numen
489 2606 632 2689 antiquum
645 2605 735 2666 adhuc
756 2614 866 2679 retinet,
884 2608 913 2667 ὃ(
935 2610 966 2665 ΝΙ

33 2684 71 2741 ad
83 2686 274 2765 cognominem
287 2679 409 2741 fluvium.
447 2678 543 2739 Nellos
556 2705 571 2739 e
590 2684 647 2741 lacu
660 2680 755 2757 Nelsn,
778 2685 862 2757 loneo
874 2689 961 2754 vigint

33 2759 209 2829 ttrormillia,
227 2758 318 2815 effluit.
355 2755 437 2840 Aqua
451 2755 506 2815 sem
526 2778 555 2813 er
576 2754 633 2817 fere
655 2761 759 2841 tepida,
795 2748 843 2819 nee
866 2748 955 2844 unqua

33 2834 139 2917 frigida
152 2832 320 2915 utcongelet.
356 2832 475 2911 Quin&
487 2779 632 2915 niperrima
647 2835 749 2911 hieme,
766 2834 902 2913 fragmina
911 2838 951 2916 gli

34 2933 98 2969 eum
113 2910 219 2969 inutile
233 2928 324 2991 tepore
345 2929 478 2991 aquarum
492 2911 568 2969 brevi
589 2913 735 2973 solvuntur.
774 2902 857 2972 Ultra
880 2912 948 2974 Ness'

34 3010 105 3059 cum,
122 2988 288 3045 occidentem
300 2983 398 3058 versus,
425 2984 487 3043 otio
505 2988 595 3047 millia
620 2994 781 3047 continentis
793 3008 875 3049 terra
888 3010 942 3071 pro·

33 3082 88 3121 tur.
123 3062 281 3121 Tantillum
294 3058 356 3119 sane
368 3063 492 3143 estquod
510 3066 595 3123 obstat
614 3086 670 3149 quo
689 3070 778 3124 minus
799 3070 889 3125 maria
903 3089 934 3124 co

58 3140 111 3197 und
125 3138 262 3222 reliquum
275 3138 312 3195 est
322 3138 419 3197 Scotiae
429 3138 544 3199 inlirlam
554 3143 679 3203 reddant.
717 3146 792 3203 Nam
816 3144 891 3225 quod
914 3140 933 3202 sr

31 3208 195 3275 irsliucibus
213 3212 249 3273 ad
262 3214 576 3275 mareDcucaledonium
589 3222 759 3296 interjicitur,
775 3218 837 3287 fere,
846 3218 927 3279 srnubt

32 3298 65 3353 in
78 3310 178 3349 terram
193 3296 276 3349 irrum
311 3294 364 3348 nris
376 3294 413 3349 est
424 3292 586 3354 intercisum.

74 3366 256 3447 xxmuod
269 3390 285 3423 u
298 3364 459 3427 traNeil'um
472 3367 600 3431 &fauces
614 3372 673 3430 illas
685 3368 810 3445 angustas
821 3368 856 3426 eil
872 3372 917 3429 int

32 3452 65 3501 in
77 3462 194 3525 quatuor
205 3448 355 3527 provincias
372 3444 561 3507 soletdividi.
599 3450 683 3509 Ultra
696 3448 795 3507 ollium
809 3447 891 3519 Nessi,
909 3482 911 3491 ι

34 3518 201 3579 Germanico
223 3522 408 3601 immergitur,
424 3518 460 3579 eil
472 3520 572 3593 Roisu,
596 3532 625 3582 in
642 3546 720 3583 mare
732 3532 902 3607 promontori

35 3600 86 3655 bus
108 3618 257 3671 excurrens,
294 3598 398 3657 uod&
418 3620 517 3657 nomen
539 3596 625 3681 ipsum
652 3604 763 3661 indicat.
799 3605 859 3659 Ros
879 3622 902 3659 er

30 3680 252 3754 promontorium
268 3620 408 3737 lionifieat.
445 3676 486 3735 Ea
498 3695 556 3733 tota
576 3676 687 3757 longior
699 3678 737 3735 eil
749 3699 833 3759 quam
848 3678 896 3734 lati

33 3771 51 3807 a
65 3752 137 3807 mari
153 3748 317 3809 Germanico
336 3751 372 3807 ad
386 3752 617 3812 Deucaledonium
641 3760 811 3835 porrioitur:
858 3776 890 3811 na

34 3824 181 3898 attollitur,
199 3826 236 3883 as
261 3824 463 3895 murini-ulcu
481 3826 584 3912 quase
613 3833 640 3887 in
661 3819 770 3967 caniqqr
792 3776 887 3911 explic:

33 3900 178 3961 fertilitate
190 3922 226 3959 nu
239 3902 259 3961 li
273 3924 356 3984 prope
365 3904 464 3963 Scotiae
483 3928 551 3987 agro
572 3906 693 3969 inferior.
758 3908 822 3967 alles
834 3910 882 3966 hal

34 3976 140 4061 piscosis
152 3980 276 4045 ammius
283 3986 420 4067 irriguasi
437 3982 510 4047 lacus
519 3982 634 4067 pisoosos
646 3986 808 4070 complutes,
831 3984 878 4050 sed
