2316 4416
293 100 421 192 Liber
447 105 644 189 Decimus
659 91 827 186 Tertius.
1004 127 1077 208 391

55 228 296 289 bamobllantium
322 250 454 305 penetras.
494 236 551 288 Ubi
574 234 689 286 adeum
714 231 826 301 attclstt,
854 228 1079 308 rusticaquadarn

56 307 244 381 limplicttate,
260 308 339 382 super
352 306 459 379 solium,
471 313 499 364 in
511 330 565 389 quo
577 310 636 363 Rex
649 306 769 379 sedebat,
787 312 910 372 innixu53
929 309 947 337 “
957 310 1028 378 Rex,
1036 313 1078 362 in-

55 388 77 416 “
90 387 163 463 quit,
179 404 194 440 e
213 406 231 440 o
240 387 276 441 ad
290 404 316 440 te
330 384 388 442 sum
402 384 505 455 millus,
522 401 552 439 ut
564 386 590 440 'te
603 384 778 457 admoneam,
795 402 839 456 ne,
863 396 918 467 quo
935 383 1082 453 initituiili,

54 461 77 493 “
91 403 293 540 progrediaris:
310 481 394 543 quam
408 462 627 518 admonitionem
640 457 661 517 li
680 461 841 541 neglexeris,
867 461 992 517 nouerit
1013 478 1028 513 e
1049 475 1080 517 re

56 538 78 570 “
92 554 150 608 tua,
166 555 214 593 nec
225 555 320 593 eorum
334 543 384 619 qui
396 554 423 593 te
435 537 646 595 comitabuntur.
681 538 813 595 Praeterea
832 554 1002 611 praemonere
1019 530 1081 593 sum

56 614 78 644 “
90 609 180 684 julius,
197 632 230 667 ne
240 614 356 671 mulieru
404 610 605 683 familiaritate,
621 610 821 685 consuetudine,
837 629 885 669 aut
900 609 1010 669 confilio
1021 626 1083 669 uta·

55 690 78 720 “
93 690 132 743 tis
147 711 153 744 :
171 687 241 745 secus
258 702 325 747 vero
344 689 364 746 ss
389 692 468 761 acies,
488 687 636 749 &damno
658 689 687 747 dt
708 692 871 770 ignotniniae
887 688 940 745 tibi
957 707 999 745 res
1019 689 1082 745 erit.

58 763 247 836 Haeclocutus,
264 765 349 824 turbae
361 763 414 822 sese
425 762 589 822 immiscuit:
610 784 668 837 nec,
683 786 755 837 cum,
772 752 895 840 pre-odius
906 762 1000 835 linitis,
1016 766 1077 823 Rex

58 860 125 897 eum
148 845 306 920 requireret,
334 840 448 923 ulquarn
483 846 636 914 comparuit
660 866 667 899 :
699 843 773 921 quod
803 862 837 899 eo
859 845 949 922 magis
974 842 1077 897 mirum

57 914 97 972 est
119 912 219 987 uisum,
250 919 327 998 quod
346 938 451 987 eorum,
469 922 517 999 qui
530 919 636 1008 propius
654 915 805 987 astiterant,
833 936 915 999 atque
940 937 1004 974 eum
1030 915 1080 972 ob·

59 992 215 1063 seruabant,
231 995 307 1050 auidi
319 995 403 1052 multa
419 1013 452 1050 ex
465 1013 497 1050 eo
508 990 669 1062 sciscitandi,
686 1011 768 1051 nemo
778 998 833 1069 ejus
844 988 984 1052 discessum
996 989 1083 1049 sense-

60 1086 113 1127 rat.
150 1070 183 1127 In
202 1072 240 1125 tis
253 1066 305 1125 luit
317 1070 409 1128 David
424 1065 566 1127 Liudellus
586 1070 742 1141 Montanus,
760 1069 845 1126 homo
865 1067 992 1143 spediatae
1014 1065 1081 1125 fidei

59 1146 89 1202 δι’
100 1145 256 1218 probitatis,
273 1164 319 1204 nec
329 1167 344 1203 a
358 1148 499 1204 literarum
510 1145 603 1215 studiis
615 1145 728 1215 alienus,
744 1144 774 1203 8(
785 1148 857 1217 cujus
867 1162 939 1204 totus
951 1150 1015 1202 vitae
1036 1160 1081 1201 te·

59 1241 113 1279 nos
124 1218 303 1313 longiss'msea
316 1222 473 1280 mentiendo
486 1221 597 1281 aberat:
616 1241 631 1278 a
645 1241 701 1300 quo
714 1219 763 1278 nist
775 1241 790 1278 e
809 1243 827 1278 o
836 1220 902 1293 haec,
914 1226 955 1279 uti
964 1221 1085 1291 tradidi,

60 1314 202 1373 procerus
213 1296 380 1372 accepiffem,
398 1316 426 1355 ut
440 1297 581 1379 vulgatam
591 1302 669 1356 vanis
687 1242 982 1370 rumoribusfabulam,
999 1294 1084 1357 omii-

57 1372 134 1432 surus
149 1391 259 1439 etam..
1074 1404 1077 1409 ·

100 1450 217 1507 XXXII.
235 1450 306 1520 Rex,
323 1471 378 1533 quo
391 1450 544 1507 intenderat
556 1446 701 1524 professus,
718 1466 804 1526 propt
814 1447 917 1511 Edimb
1038 1462 1086 1509 r&
1123 1512 1127 1523 ,

60 1520 164 1581 ceol'uit
175 1528 333 1587 exercitum.
347 1528 428 1599 inde,
440 1531 530 1601 paucis
541 1525 598 1606 post
606 1527 713 1595 diebus,
723 1526 858 1619 Angliana
869 1530 898 1587 iu
971 1526 1079 1597 us‘,No-

58 1620 181 1673 ramam,
198 1602 324 1674 Vestam,
342 1603 471 1678 hellam,
489 1604 677 1682 Furdumque,
692 1601 722 1659 dt
742 1604 811 1663 altas
831 1622 885 1685 qua
917 1624 974 1675 am,
996 1603 1085 1661 limiti

60 1677 204 1735 Scotorum
216 1681 380 1760 propinquas
401 1696 484 1749 arces,
507 1680 537 1737 ui
549 1681 622 1751 cepit
640 1698 670 1735 ac
683 1678 780 1752 diruit,
805 1678 834 1739 dt
847 1678 996 1739 linitituam
1008 1679 1084 1739 Nos·

60 1752 232 1812 thumbtiam
245 1753 298 1812 late
357 1753 463 1827 pulatus
479 1752 525 1811 eli.
562 1756 667 1813 Interea
686 1756 757 1828 Rex,
773 1776 845 1827 cum,
871 1775 967 1816 amose
983 1754 1085 1814 nobilis

59 1835 181 1903 eatuivae
196 1832 243 1905 (ea
254 1777 445 1893 erat'lvltsonis
458 1829 555 1887 Futdii
565 1831 782 1903 uxos)irretitus,
799 1852 857 1889 reru
872 1831 1023 1889 militarem
1035 1849 1083 1888 ne·

81 1904 101 1963 li
122 1924 188 1979 eret,
206 1906 235 1966 it
248 1903 336 1966 otioso
345 1907 485 1976 exercitui,
503 1909 531 1963 in
543 1926 611 1986 agro
624 1925 678 1963 non
690 1908 771 1965 valde
781 1903 898 1988 copioso,
914 1924 1082 1967 commeatus

59 1925 200 2056 deiceret,
217 2002 265 2040 nec
276 2002 292 2039 e
304 1983 455 2067 longinquo
472 1979 559 2040 facilis
570 1980 635 2039 ellet
643 1987 835 2065 comportatio,
852 1988 942 2061 major
953 1989 1085 2045 exercitus

61 2078 124 2140 pars
134 2056 240 2130 dilapsa
253 2056 327 2139 ligna
339 2056 520 2141 infrequentia
532 2058 660 2140 reliquit:
678 2062 802 2119 Proccres
815 2057 875 2134 soli,
889 2082 951 2119 cunt
972 2064 1085 2145 propin-

62 2134 165 2215 quis&
181 2136 321 2195 clientium
339 2142 441 2214 paucis,
456 2134 545 2245 iisque
566 2141 652 2195 etiam
674 2133 811 2208 subiratis,
837 2142 865 2195 in
884 2137 977 2197 cailris
998 2150 1084 2196 erant.

63 2212 157 2285 Major
168 2215 243 2271 enirn
253 2228 314 2285 pars
325 2210 470 2287 luadebat;
512 2214 526 2263 ‘.
534 2214 579 2273 Ne
590 2216 619 2270 in
629 2221 741 2294 regione
757 2212 830 2273 bello
845 2212 956 2287 vallata,
973 2212 1002 2271 dt
1012 2213 1085 2271 alio-

62 2292 82 2323 “
97 2290 145 2369 qui
159 2292 244 2369 inopi,
261 2287 288 2345 se
303 2287 416 2371 suosque
433 2289 534 2348 diutius
545 2288 706 2349 conficeret:
723 2288 769 2348 sed
790 2291 958 2361 lietvicutu,¹
972 2311 989 2347 a
1005 2308 1086 2371 tergo

18 2419 21 2424 Δ
63 2364 231 2437 “relillum‚
248 2366 461 2442 aggrederetur:
490 2367 520 2421 in
530 2386 651 2449 quouno
668 2356 756 2440 maius
777 2366 843 2423 ellet
855 2384 942 2449 opere
955 2370 1085 2439 pretium,

63 2444 82 2475 ‘¹
96 2461 180 2520 quarn
195 2445 223 2498 in
236 2440 362 2497 omnibus
374 2443 545 2499 circumciroa
559 2447 633 2523 pagis
642 2440 671 2501 dt
681 2441 796 2501 arcibus.
813 2444 870 2501 Nec
882 2447 935 2509 eius
947 2460 1083 2522 expugna-

63 2520 82 2551 “
95 2522 199 2575 tionem
214 2514 352 2573 difficilem
364 2515 435 2587 fore,
453 2517 528 2598 quod
540 2536 643 2576 eertum
653 2515 719 2576 elles
738 2518 870 2577 &urbem
883 2520 912 2578 dt
921 2538 1010 2575 arcem
1021 2537 1083 2575 om-

63 2596 83 2627 “
96 2594 174 2651 nibus
186 2593 222 2651 ad
235 2591 409 2650 reddendum
423 2592 500 2650 rebus
512 2597 702 2674 imparatame
724 2617 748 2652 e.
784 2598 855 2666 Rex,
878 2593 931 2653 suis
945 2596 1027 2652 armis
1040 2598 1085 2650 ni·

64 2666 107 2729 hil
120 2670 235 2726 arduum
245 2686 328 2742 ratus,
345 2665 496 2750 praesertim
507 2669 727 2743 occupatis-bello
746 2666 854 2729 Gallico
867 2671 976 2753 Anglis,
985 2670 1086 2727 aulicis

65 2744 251 2807 adulatoribus
264 2750 319 2819 ejus
336 2750 487 2805 vanitatem
507 2742 669 2819 foventibus,
685 2752 716 2805 in
728 2748 819 2806 reditu
835 2747 861 2807 st·
881 2769 912 2807 ea
934 2750 1085 2828 potiturum

63 2819 146 2882 facile
156 2821 348 2881 arbitrabatur.

104 2898 235 2957 xxxnn
251 2900 325 2957 Dum
338 2900 374 2958 ad
385 2900 507 2958 Futdum
519 2900 556 2957 ita
567 2894 713 2971 deiidetut,
725 2893 843 2959 foeciales
855 2897 1008 2981 Anglorum
1021 2919 1085 2959 eum

65 2976 206 3045 adierunt,-
219 2992 354 3054 petentes:
383 2978 402 3009 “
419 2978 459 3035 Ut
471 2977 546 3034 diem
557 2974 699 3059 locumque
717 2974 899 3049 constitueret,
925 2977 970 3035 tibi
992 2977 1089 3057 praelio

66 3056 85 3086 “
100 3052 295 3118 decerneretur.
331 3053 458 3113 Concilio
471 3051 591 3132 superea
604 3072 634 3109 re
646 3051 749 3125 mado,
766 3056 855 3127 major
868 3071 929 3126 pars
949 3058 976 3110 in
989 3072 1020 3110 ta
1034 3051 1089 3109 fuit

66 3127 200 3187 sententia
218 3153 225 3199 ;
255 3132 275 3162 “
290 3130 332 3187 Ut
345 3130 458 3187 domum
471 3130 583 3202 rediret,
599 3148 662 3202 neu,
684 3149 746 3187 tum
765 3133 937 3202 tampaucis,
968 3125 1087 3187 univerii

65 3206 84 3238 “
100 3208 176 3283 regni
197 3205 294 3263 statum
307 3209 334 3263 in
346 3203 489 3264 discrimen
501 3210 694 3273 committerer,
711 3204 860 3284 praesertim
872 3227 933 3263 eum
951 3205 978 3263 ἃ
992 3200 1089 3277 famu,

64 3285 84 3314 “
98 3280 244 3359 &glori-,13
261 3281 290 3339 dt
303 3286 433 3341 amicitiae
453 3282 559 3341 abunde
574 3279 605 3339 stt
618 3278 793 3341 satisfadlum.
821 3282 880 3341 Nec
897 3280 981 3339 ullam
996 3282 1087 3339 videri

64 3362 85 3392 “
97 3358 190 3431 justam
203 3355 329 3431 muium,
346 3380 392 3417 cur
404 3356 462 3417 suos
472 3379 530 3417 tant
558 3380 646 3431 aucus,
662 3359 690 3417 δι
707 3376 749 3415 tot
760 3376 832 3416 artes
843 3377 1026 3440 oppugnantes
1039 3354 1085 3416 fa«

10 3492 14 3507 ,
65 3438 85 3468 “
101 3440 212 3513 tigatos,
228 3451 312 3491 tantae
323 3435 478 3515 Anglorum
491 3381 674 3506 mollitudini,
693 3437 801 3505 retenti,
817 3432 847 3493 dt
869 3433 944 3494 novis
965 3432 1090 3493 subsidiis

65 3513 87 3544 “
100 3511 194 3579 aubia,
212 3509 340 3579 obiiceret
356 3516 437 3583 (narn
454 3512 509 3570 illis
528 3514 537 3569 i
558 3508 589 3569 ils
608 3512 702 3569 diebus
723 3510 864 3568 dicebatur
882 3511 1008 3571 Thomas
1028 3513 1091 3571 Ha·

69 3606 161 3642 vastus
176 3590 204 3642 in
217 3586 300 3645 calita
313 3587 424 3660 venille,
448 3610 510 3647 curn
528 3534 573 3649 rix
586 3587 709 3661 ¹suillibus
722 3584 924 3647 fortiillmorum
939 3591 1061 3647 militum
1075 3606 1093 3643 e

70 3661 162 3719 Gallia
177 3661 315 3737 remillis.)
349 3668 368 3696 “
379 3665 515 3723 Accedere
528 3680 672 3740 praterea,
687 3680 730 3737 us,
748 3660 994 3739 lidilcedat'iple,
1004 3658 1117 3720 necebt

60 3743 85 3811 ‚“
97 3736 139 3812 iit,
156 3739 309 3820 Argivum
322 3744 473 3807 exercitum
481 3738 605 3811 solutum
619 3747 676 3809 iri:
693 3764 748 3809 nec
762 3748 885 3823 iterum,
897 3762 936 3805 eo
944 3728 1154 3867 ²³⁸⁰}thssde-
