2316 4416
388 427 519 519 Liber
543 430 753 517 Decimus.
1005 428 1081 535 283

11 544 15 591 l
58 566 121 608 erat
142 546 271 620 studium,
288 544 454 605 &diuturni
476 546 543 606 belli
554 549 681 619 taedium,
699 549 736 606 acl
755 546 898 606 mitiorem
918 542 1085 605 sententiam

20 690 24 697 ,
57 624 244 697 inclinabant,
260 643 293 680 ac
315 622 473 689 censebant3
492 628 608 705 “Regii
639 628 726 682 eneris
739 622 920 694 adolescente,
937 622 1086 679 crudelita-

29 768 32 773 ,
57 704 80 736 “
95 722 153 759 tem
166 700 274 759 suorum
288 696 419 780 fugiente,
437 696 602 783 &supplice,
620 645 793 779 sospitalitet
803 699 831 756 de
841 700 929 757 amice
943 696 993 755 esse
1008 716 1086 755 uten-

11 782 18 797 ”
55 781 79 812 “
94 780 180 835 dum:
198 776 227 835 dt
259 794 349 834 entem
363 774 491 849 ferocem,
509 794 551 837 tot
565 776 658 835 seculis
672 776 745 833 bello
757 778 935 847 indomitam,
946 771 1084 833 beneficiis

11 899 15 907 .
54 856 79 888 “
92 852 226 913 concilian
247 874 311 909 am.·
340 852 574 913 liancvisiotiam
589 850 867 913 firmam&solid2m
880 852 977 909 debere
991 849 1082 908 existi·

23 942 28 955 '
50 933 79 965 i‘
95 930 178 999 mari,
195 934 225 987 in
239 949 293 1009 qua
314 948 369 987 non
416 948 431 984 r
443 932 572 999 injuriam
585 930 697 987 libertas
709 929 856 1000 adimitur,
872 928 918 987 sed
932 933 1038 987 animus
1050 946 1081 984 a·

54 1010 78 1040 “
93 1008 208 1065 mititiae
220 1004 329 1063 vinculo
343 949 482 1063 inlbsubili
492 1008 691 1083 conjmgitutff·
718 1004 778 1061 Alii
791 1024 884 1063 eontra
897 1004 1079 1069 disserebant;

55 1086 78 1117 “
92 1086 162 1164 Jure
171 1083 389 1161 captumvideti,
406 1083 451 1139 vel
462 1084 538 1164 quod
552 1104 566 1141 e
580 1072 749 1142 Primoribus
758 1088 847 1162 gentis
858 1083 960 1139 auxilia
975 1084 1004 1138 in
1017 1100 1080 1137 mo·

18 1162 23 1169 '
56 1162 78 1193 “
94 1178 125 1215 tu
143 1158 272 1217 Perciano
283 1176 374 1217 contra
392 1162 498 1241 Regem
511 1165 539 1219 in
551 1164 609 1218 acie
621 1157 761 1231 stetissent,
778 1158 822 1217 vel
834 1159 911 1241 quod
928 1176 1004 1239 pater
1021 1158 1080 1227 ejus

11 1258 23 1313 p
56 1238 79 1268 ‘⁸
94 1234 218 1292 Pettium
239 1230 373 1292 seniorem
392 1235 591 1314 perduellionis
611 1242 640 1295 ln
661 1234 766 1314 Anglia
784 1236 949 1293 damnatum
969 1230 1081 1314 apudse

11 1316 33 1411 s
56 1313 79 1343 “
94 1308 217 1382 baberet,
234 1309 264 1367 dt
276 1312 390 1369 exilium
404 1317 458 1385 ejus
469 1310 522 1371 suis
535 1312 632 1394 opibus
640 1310 825 1370 sustentaret.”
861 1313 929 1369 Haec
945 1307 1078 1367 sententia

14 1418 28 1481 p
56 1390 106 1459 (ut
118 1387 277 1469 plerumque
290 1390 425 1447 deteriora
438 1386 540 1460 solent)
560 1396 589 1445 in
610 1388 736 1447 Concilio
748 1390 834 1445 vicit:
852 1407 1009 1470 quanquam
1030 1387 1080 1467 qui

19 1494 25 1517 .·
57 1464 187 1533 aderant,
205 1482 260 1519 non
274 1464 441 1541 ignorarent,
460 1470 508 1547 qui
521 1472 550 1522 in
563 1465 658 1547 praelio
670 1461 796 1521 adversus
814 1462 940 1545 Anglum
952 1457 1082 1520 dimicas-

10 1536 23 1551 “
56 1535 130 1609 sent,
148 1558 203 1595 non
217 1536 323 1618 publice
335 1562 352 1599 a
363 1544 441 1620 Rege
453 1538 555 1611 missos,
573 1540 619 1599 sed
636 1541 683 1599 Du
703 1538 768 1597 laissi
780 1542 884 1620 privata
898 1542 999 1619 gratia,
1015 1556 1078 1593 curn

10 1612 17 1693 ξ
57 1614 90 1673 &
111 1612 166 1695 ipse
180 1632 238 1671 tum
254 1619 281 1671 in
299 1618 386 1674 Percii
399 1618 527 1697 potellate
544 1614 619 1690 esset,
636 1560 785 1683 edessenos
804 1634 836 1672 ae
849 1614 1000 1673 meminisse
1019 1608 1080 1691 pos-

55 1688 129 1761 sent,
145 1690 213 1771 quid
234 1710 297 1749 ante
308 1714 404 1775 paucos
417 1712 499 1753 annos
510 1696 641 1751 isenricus
662 1697 671 1750 i
690 1694 716 1750 se
735 1693 819 1751 Scotis
828 1688 981 1771 Georgium
992 1690 1081 1748 Dum-

57 1766 169 1825 bnrium
182 1766 377 1845 reposcentibus
391 1766 575 1850 respondisset.
612 1770 645 1827 ln
668 1716 920 1826 sancsenttneiam
942 1771 1010 1823 itum
1030 1764 1080 1837 esi,

46 1852 89 1900 'ut
104 1839 163 1899 fere
175 1844 203 1898 in
222 1845 291 1901 aulis
311 1846 471 1925 Principum
485 1848 665 1904 emolumenti
679 1843 744 1902 stlsa
757 1841 854 1922 species
867 1841 981 1899 honestis
993 1838 1079 1899 const-

57 1920 106 1978 liis
119 1938 173 1999 pru
196 1918 318 1977 onderat.
358 1923 388 1979 ln
402 1944 430 1979 ca
452 1942 509 1979 tum
522 1940 644 1979 tamena
665 1924 707 1979 Re
727 1919 844 1997 eAnglo
856 1918 907 1976 hoc
919 1939 999 1974 unum
1012 1917 1081 1973 libe·

56 1994 155 2054 raliter
202 1998 291 2075 Regio
304 1996 339 2053 eil
353 1944 514 2070 consustum,
524 1998 600 2081 quod
612 1997 699 2055 literis
747 1993 856 2054 bonella
867 1992 1003 2073 disciplina
1015 2012 1078 2049 eum

62 2070 259 2128 instituendeun
272 2075 384 2130 curavit.
565 2086 569 2098 ·

100 2146 163 2204 XV.
179 2146 347 2205 calamitate
362 2148 415 2207 filii
426 2148 461 2207 ad
475 2167 582 2227 patrem
597 2164 748 2207 toenantem
762 2144 874 2226 perlata,
891 2161 967 2201 tanta
978 2142 1082 2200 doloris

59 2224 90 2280 vi
106 2218 159 2277 suit
171 2222 314 2303 oppressus,
331 2242 360 2281 ut
374 2245 440 2307 pene
454 2230 524 2282 inter
541 2244 636 2281 manus
656 2222 801 2279 astantium
821 2222 959 2300 expirarit.
994 2218 1080 2276 Delu-

57 2316 102 2356 tus
117 2300 144 2353 in
163 2300 327 2373 cubiculum,
345 2302 494 2361 abentem
516 2320 564 2359 ote
576 2299 638 2357 cibo
650 2298 794 2356 abstinuit:
812 2300 933 2354 actettio
947 2294 1002 2375 poll
1023 2294 1080 2363 dit,

58 2374 154 2435 inedie
167 2373 195 2433 dt
207 2396 325 2435 mmrorc
338 2378 470 2437 extinslus
482 2320 520 2436 es
539 2372 708 2445 Rothesaiae,
724 2373 800 2467 quod
819 2392 855 2451 op
879 2374 955 2431 idum
977 2376 1006 2427 in
1024 2371 1079 2428 Bo·

57 2466 87 2509 ta
103 2446 188 2508 insula
199 2450 246 2524 esi,
263 2472 333 2511 anno
346 2456 381 2513 ab
404 2458 474 2514 inito
496 2474 581 2535 regno
594 2452 668 2509 sexto
681 2453 799 2519 deamo,
815 2392 878 2508 Cas

48 2526 130 2605 'Apn
148 2546 219 2587 anno
238 2526 349 2587 Christi.
373 2532 414 2589 Μ.
426 2528 536 2588 CCCC.
551 2530 605 2588 Vs.
622 2524 737 2607 sepultus
760 2522 878 2583 Pafileti.
958 2520 999 2576 Μ.

60 2604 284 2675 FuitRobertus,
299 2604 328 2661 dt
361 2610 513 2679 rocerltate,
525 2606 554 2664 it
565 2606 647 2663 totius
656 2603 776 2682 corporis
787 2596 878 2657 forma
915 2593 1076 2653 CCCCVI.

56 2676 87 2737 ἀ
100 2676 296 2759 compositione
307 2624 374 2737 nusli
384 2678 441 2738 fere
452 2680 561 2739 suorum
571 2676 717 2763 aequalium
729 2674 874 2734 secundus:

55 2748 164 2811 summa
177 2758 242 2812 vitae
254 2758 420 2825 innocentia,
431 2756 459 2813 &
473 2760 502 2813 in
514 2778 570 2839 quo
581 2754 684 2813 nullam
697 2752 816 2810 hominis
826 2746 930 2827 privati
943 2745 1073 2798 virtutem

57 2827 238 2889 desiderares:
259 2846 291 2884 ut
301 2850 366 2887 vere
378 2832 413 2887 de
425 2830 474 2888 illo
484 2832 540 2890 dici
552 2828 646 2912 posset,
664 2828 807 2885 meliorem
821 2831 913 2882 virum
924 2838 1008 2953 poam
1017 2819 1073 2903 Rc·

78 2924 198 2963 emtum
215 2903 301 2963 fuisse.
339 2909 416 2983 Rege
435 2925 555 2977 mortuo,
572 2906 650 2985 regni
670 2902 871 2962 administratio
882 2900 928 2953 Ro
947 2912 1006 2951 etto
1018 2908 1074 2963 erus

84 2983 139 3038 reri
162 3000 211 3061 per
227 2978 322 3041 omnes
333 2978 624 3045 OrclInetton'finnata
638 2980 686 3053 cti,
704 2982 762 3061 qui,
779 2974 967 3055 utcupitlitare
988 2974 1075 3061 impe.

55 3055 138 3115 rendi
151 3078 248 3129 cereus,
264 3054 385 3139 pessimis
397 3059 545 3119 rationibus
558 3072 595 3115 eo·
604 3076 656 3135 pro
676 3056 780 3123 trabat,
797 3058 848 3123 ita,
866 3048 886 3109 st
908 3067 991 3104 unum
1006 3042 1073 3100 illud

56 3134 164 3203 demas,
183 3134 266 3193 multa
288 3144 316 3190 in
335 3154 367 3192 eo
381 3153 459 3193 tanto
472 3134 632 3215 magistratu
643 3076 725 3201 dsona
739 3135 864 3188 Inerant:
882 3144 945 3182 narn
958 3122 988 3179 ὃ(
1001 3118 1074 3177 bello

54 3204 147 3275 fortis,
165 3208 194 3265 dt
206 3208 318 3267 conislio
338 3212 454 3293 prudens
472 3228 541 3283 erat,
558 3210 586 3267 dt
600 3230 622 3268 ae
643 3198 842 3267 uisatesnmma
858 3202 919 3258 lites
938 3197 1071 3270 dijudica-

55 3284 116 3419 lbat,
129 3282 170 3415 ff,
188 3285 498 3347 liberalitate'Proctres
515 3229 686 3359 conciliabat,
709 3304 759 3343 nec
777 3280 886 3340 tributis
903 3275 1011 3358 plebem
1028 3289 1078 3328 ‘¹‘

76 3380 152 3417 abisse
171 3380 208 3419 ase

98 3436 173 3501 XVI.
191 3437 296 3496 Eodem
305 3458 389 3511 anno,
407 3439 518 3497 Pettius
529 3432 619 3496 senior
629 3440 730 3497 iterum
739 3441 768 3495 in
777 3436 884 3511 Regem
893 3426 971 3485 suum
982 3424 1076 3495 conju-

56 3511 141 3583 ravit,
157 3529 188 3568 ut
201 3510 293 3571 fratris
308 3514 464 3575 &duorum
477 3513 598 3575 filiorum
611 3512 739 3573 caesorum
753 3512 884 3569 ultionem
900 3505 935 3563 ab
948 3524 981 3560 eo
993 3518 1077 3577 expe-

54 3604 144 3644 terett
161 3586 206 3645 sed
220 3588 326 3649 detedia
346 3594 547 3665 conjuratione,
564 3590 592 3648 dt
612 3592 734 3671 plurimis
751 3586 918 3647 consciorum
936 3579 1023 3657 captis
1043 3574 1074 3633 ἃ

43 3660 184 3741 'supplicio
197 3662 314 3737 ainau,
331 3666 361 3722 in
379 3668 498 3729 Scotiam
512 3666 562 3727 sibi
584 3686 706 3726 metuens
727 3663 810 3743 sugit,
826 3679 857 3719 ut
869 3659 932 3719 inde
946 3659 973 3713 in
992 3653 1077 3711 Flan-

44 3738 148 3796 'driam
171 3738 200 3797 dt
217 3744 360 3801 Franclam
373 3748 517 3825 navigates
543 3743 688 3803 &auxilia
707 3740 745 3801 ad
763 3739 867 3801 bellum
886 3729 1075 3794 renovandum

53 3818 232 3897 conquireret.
270 3818 378 3879 Interea
399 3820 483 3901 Angli
506 3788 579 3878 lilius
597 3821 740 3893 isenricus,
756 3835 868 3897 magnas
881 3816 910 3869 in
930 3812 1075 3867 Scotorum

54 3910 137 3971 agros
149 3890 315 3953 excursiones
326 3913 398 3954 terta
411 3901 537 3981 marique
549 3894 625 3955 feeit.
663 3897 689 3954 ss
700 3915 761 3953 cum
774 3892 866 3977 paeda
878 3889 985 3963 ingenti
996 3899 1075 3963 pam

54 3966 169 4027 domum
182 3970 302 4043 redisset,
320 3974 527 4055 arxJedburgi,
542 3994 629 4117 suam
642 3970 730 4031 holles
750 3992 767 4029 a
785 3969 883 4053 praelio
894 3955 1075 4024 mutinensi

52 4042 92 4103 ad
103 4062 166 4104 tum
181 4045 256 4107 diem
269 4064 421 4125 tenuerant,
434 4069 489 4133 per
500 4050 548 4134 ple
568 4071 614 4116 tm
624 4040 1119 4172 Tutottaeeanffliffisggss.
