2316 4416
360 428 489 517 Liber
515 425 759 517 tarracinam.
998 456 1075 537 319

49 548 201 633 eorumque
217 550 316 611 secreta
327 553 577 624 commendatione,
594 556 654 609 Rex
663 552 742 609 adeo
755 565 872 607 mutatus
883 546 931 620 est,
949 568 978 607 ut
988 556 1078 609 omni-

52 654 103 689 um
121 630 266 709 superioris
283 632 348 685 vitae'
366 635 511 687 criminum
525 631 612 709 gratia
626 625 711 699 fabia,
729 631 757 683 in
769 624 948 682 familiarium
962 646 1077 685 numero

50 727 117 765 eum
139 704 261 777 habetet,
276 702 428 787 secretaque
448 727 509 763 cum
532 725 565 761 eo
586 702 696 761 conlilia
719 704 938 759 communicaret.
977 702 1079 762 Comes

52 803 147 842 autem
162 780 290 864 obsequio
312 784 429 862 Regem,
446 782 611 839 liberalitate
633 779 780 850 mitrillros,
795 782 923 835 comitate
942 777 970 835 ἃ
982 780 1080 837 mode-

52 861 106 917 llia
117 858 225 915 cundlos
239 862 317 915 brevi
329 863 368 915 ita
391 858 438 915 libi
461 861 593 929 devinxit,
611 874 640 913 ut
654 857 738 935 vulgo
751 850 885 912 mansueti
896 856 983 913 animi
994 852 1078 936 spem,

50 935 276 1018 prudentioribus
288 954 392 992 metum
412 930 523 1007 faceret,
539 955 596 1016 quo
608 954 666 991 tam
679 936 816 1013 repentina
829 943 944 989 morum·
953 939 1079 991 evaderet

53 1014 184 1075 mutatio.
489 1056 493 1061 .

96 1088 158 1145 XX.
176 1088 208 1144 ln
221 1088 316 1167 primis
329 1084 485 1143 Alexander
499 1084 680 1155 Levillonlus,
692 1082 720 1141 dt
732 1082 885 1142 Guilelmus
896 1082 1080 1159 Criehtonius,

55 1167 150 1221 omnia
165 1167 218 1237 ejus
231 1159 383 1225 conliliain
396 1159 472 1219 fuam
490 1159 606 1243 spediare
627 1163 773 1241 perniciem
798 1164 861 1230 rati,
890 1167 1078 1241 procuratione

54 1238 227 1321 publicorum
240 1258 382 1295 munerum
401 1235 532 1318 depolita,
549 1236 645 1295 diverti
667 1236 785 1303 abeunt;
812 1235 968 1296 Alexander
990 1245 1019 1295 in
1033 1234 1078 1297 stia

54 1312 387 1396 pretiia,Gu1ie12nusin
407 1334 494 1371 artem
513 1312 769 1393 Edrmburgenfem,
796 1310 872 1369 velut
893 1312 1079 1395 Duglaflianss

39 1462 43 1467 .
56 1392 238 1451 limulationis
251 1411 378 1448 eventum
391 1386 558 1447 sietttlaturi.
593 1393 652 1450 Nec
669 1387 769 1446 fefellit
787 1387 909 1446 homiues
922 1387 1082 1476 perspicaces

54 1486 189 1551 praecepta
202 1471 297 1541 opinio
310 1493 316 1525 :
335 1415 561 1546 n.tml)uglaffius
574 1470 617 1523 Re
636 1486 691 1537 em,
708 1466 736 1524 dt
747 1466 782 1522 ob
791 1467 879 1523 aetatis
889 1466 1080 1526 infirmitatem

56 1544 149 1603 adhue
167 1552 313 1615 incautum,
344 1543 372 1599 dt
396 1539 532 1600 seniorum
551 1488 663 1601 conlflio
683 1542 839 1600 destitutum
856 1541 958 1615 nactus,
976 1562 1029 1601 tem
1049 1542 1080 1603 us

56 1618 168 1679 addelfe
180 1639 253 1677 ratus
267 1616 408 1677 ulciscendi
427 1636 544 1677 mortem
564 1619 737 1701 patruelium,
754 1615 833 1675 facile
845 1620 917 1697 Regi
929 1566 1081 1699 persuadet,

58 1718 90 1755 ut
111 1695 282 1755 Gulielmum
305 1694 508 1766 Crichtonium,
531 1695 767 1754 &Alexandrum
792 1693 991 1767 Levilfoniutn,
1016 1717 1079 1754 tum

57 1773 165 1831 duobus
177 1776 232 1849 ejus
247 1770 309 1829 filiis
322 1771 480 1828 Alexandro
492 1772 520 1829 ὅ(
530 1773 644 1851 Jacobo,
662 1776 689 1827 in
698 1778 737 1847 jus
749 1772 785 1828 ad
798 1766 919 1842 sevncet,
947 1789 976 1827 ut
995 1768 1081 1831 ratio·

57 1870 123 1908 nem
137 1847 192 1907 fuae
204 1847 447 1907 administrationis
464 1848 617 1907 redderent.
654 1848 696 1905 Eo
715 1844 734 1905 f
760 1846 867 1904 flabant
889 1851 943 1919 ejus
961 1844 1080 1919 tonillia,

41 1932 44 1937 '
58 1945 101 1999 ut,
120 1923 305 1983 fiactederent
318 1926 353 1981 ad
366 1922 526 1997 aulam,fuae
539 1920 665 1984 sallionis
678 1928 721 2003 op'
744 1943 772 1980 us
785 1942 828 1980 tos
843 1926 1020 2013 opprimeret:
1040 1922 1080 1981 fin

58 2004 155 2061 venire
177 2000 334 2069 abnuerent,
364 1998 452 2059 holler
477 2002 596 2080 publicos
621 2000 781 2071 declaratos,
802 2000 843 2077 Re
864 2020 885 2056 tt
897 2002 1014 2057 nominis
1032 2021 1081 2057 au-

59 2078 190 2139 &oritate
201 2076 254 2135 suis
273 2077 366 2157 opibus
397 2092 517 2149 raetenta,
540 2098 585 2135 eos
596 2072 675 2135 facile
693 2074 818 2134 omnibus
842 2020 918 2134 fortis
937 2094 1081 2136 everteret.

60 2155 162 2225 Citati,
197 2096 552 2233 erliterasrefpbonderunt;
579 2151 728 2211 “Senihil
749 2172 868 2232 unquam
887 2155 971 2233 Regis
988 2153 1081 2233 regni-

58 2234 79 2265 “
93 2250 146 2313 que
155 2176 237 2288 salute
247 2228 369 2288 habuiss'e
382 2232 534 2310 antiquius:
555 2229 727 2309 magistratus
737 2230 776 2286 ita
787 2225 897 2309 gefftift,
907 2248 936 2286 ut
947 2228 1018 2287 nihil
1030 2252 1081 2311 op-

58 2310 80 2342 “
95 2305 204 2365 tabilius
215 2304 277 2389 iplis
291 2304 342 2363 effe
357 2304 452 2380 pollet,
469 2327 553 2388 quam
565 2325 592 2361 ut
605 2311 723 2363 rationes
740 2306 884 2362 redderent
903 2308 977 2381 apud
991 2328 1083 2388 aequos

59 2386 80 2418 “
97 2384 195 2459 judices
209 2407 215 2442 :
234 2403 328 2441 verum
339 2387 367 2439 in
380 2380 532 2463 praesentia,
549 2404 610 2439 cum
624 2388 760 2452 omnium,
772 2386 819 2462 qui
829 2383 972 2457 jutlieaturi
983 2381 1082 2456 forent,

59 2464 81 2495 “
97 2462 184 2518 animi
207 2458 257 2517 ftnt
267 2463 453 2517 inimicorum
472 2456 559 2540 gratia
574 2460 602 2517 ὅ(
616 2457 808 2539 largitionibus
821 2465 1004 2540 praeoccupati,
1021 2482 1083 2517 om·

59 2539 80 2571 “
95 2557 141 2594 nes
153 2537 242 2593 aditus
257 2540 369 2593 armatis
381 2535 442 2593 oble
462 2541 493 2608 ti,
506 2538 615 2592 veniam
627 2533 677 2593 fibi
689 2534 820 2605 dandam,
832 2555 891 2593 non
922 2538 974 2592 uoti
987 2538 1085 2611 judici-

58 2614 81 2647 “
96 2634 143 2671 um
157 2610 326 2691 defugerent,
343 2610 387 2669 sed
400 2558 517 2669 hoffium
527 2610 683 2691 capitalium
696 2607 874 2679 violentiaefe
887 2609 915 2668 su
935 2610 1085 2684 traherent,

58 2692 82 2723 “
96 2710 126 2746 ac
139 2682 295 2745 melioribus
307 2688 473 2767 temporibus
485 2690 575 2747 vitam
586 2684 661 2745 fuam
675 2686 851 2757 reservarent,
883 2687 949 2745 dum
967 2686 1046 2770 pullis
1067 2712 1083 2747 a
1135 2732 1138 2737 -

60 2769 82 2798 “
96 2765 181 2822 latere
194 2766 324 2841 Principis
344 2764 479 2821 latronum
498 2764 619 2835 ducibus,
646 2766 721 2844 quod
739 2762 805 2843 faepe
818 2760 907 2820 dubiis
919 2766 1085 2845 temporibus

59 2844 81 2875 “
95 2860 173 2898 antea
186 2838 313 2909 fecissent,
323 2836 398 2896 fuam
412 2843 592 2897 innocentiam
604 2835 688 2911 Rebi,
704 2835 884 2920 omnibusque
897 2841 975 2898 bonis
987 2863 1021 2921 ap
1040 2863 1084 2899 ru-

49 2912 81 2951 '“
96 2917 201 2975 batent.
236 2919 297 2974 Hoc
309 2913 429 2993 responso
441 2935 561 2994 accepto,
572 2910 738 2995 Duglall'rus,
751 2934 891 2988 conventu,
909 2918 999 2998 quiad
1012 2864 1084 2975 fler-

60 2997 152 3053 linum
165 3000 193 3051 in
205 3012 333 3075 quartum
349 2994 422 3051 diem
435 2992 600 3050 Novembris
623 2993 741 3051 indicito
760 3010 827 3064 erat,
845 2990 951 3067 habito,
967 3012 1041 3052 curat
1055 3013 1084 3051 ut

61 3072 108 3131 illi
128 3068 213 3127 hostes
232 3070 332 3149 publici
352 3070 553 3140 denuncientur,
582 3067 705 3149 bonaque
723 3069 918 3150 publicentur:
946 3074 1083 3151 Joannem

51 3144 231 3223 ‘Frostarium
245 3143 493 3216 Crifiorfinianum,
509 3141 587 3201 lirum
600 3145 739 3219 clientem,
756 3147 792 3203 ad
804 3166 897 3203 eorum
909 3168 988 3227 agros
1000 3149 1085 3228 depo-

61 3222 206 3307 pulandos,
216 3220 340 3303 bonaque
350 3225 376 3280 in
391 3222 482 3281 fiscum
495 3220 656 3301 redigenda,
664 3243 725 3281 cum
738 3224 819 3304 copiis
832 3224 927 3280 mittit.
966 3226 991 3281 Is
1001 3244 1087 3295 artes,

62 3321 114 3381 per
128 3299 297 3357 deditionem
311 3316 436 3381 receptat,
453 3303 554 3380 partim
567 3298 723 3371 demolitur,
766 3304 849 3359 artim
862 3303 939 3356 novis
952 3298 1087 3373 praelldiis

63 3392 177 3457 occupat
189 3399 197 3432 :
214 3374 385 3459 populatione
396 3377 451 3435 late
459 3371 528 3446 fust,
544 3394 605 3433 eum
615 3394 696 3433 nemo
708 3321 859 3447 relllleret„
867 3378 1006 3457 ingentem
1015 3397 1088 3458 prae-

62 3454 132 3510 dam
145 3447 242 3509 aufert.

107 3529 182 3585 XXI.
200 3528 430 3607 VixDuglafliani
442 3526 469 3587 fe
481 3544 644 3608 receperant,
661 3546 721 3586 cum
733 3525 917 3597 Criclttonius,
945 3547 977 3584 ex
991 3530 1086 3587 amicis

63 3601 249 3661 &clientibus
266 3605 446 3685 omniumfpe
459 3606 569 3665 celerius
583 3603 705 3663 eonfefio
725 3607 854 3675 exercitu,
886 3604 1015 3663 Frollarii
1028 3605 1086 3661 Du-

64 3679 311 3763 plalftanorumque
330 3703 409 3763 agros
431 3683 562 3763 percurrit
574 3682 609 3737 ad
629 3679 819 3739 Criflorfinum
839 3680 1085 3761 Strabrocumque3

63 3758 95 3815 &
109 3756 293 3815 Abercornum
307 3756 524 3843 Blaenessbmque
536 3755 653 3815 adifieia
666 3759 795 3828 incendit,
812 3755 947 3815 frumenta
961 3760 1088 3839 eorrupit,

64 3832 193 3913 &qnam
208 3839 359 3895 maximam
413 3837 466 3893 tuit
483 3839 572 3907 omnis
590 3836 695 3915 generis
712 3834 835 3915 praedam
853 3838 897 3909 (in
910 3856 940 3891 ea
953 3835 1088 3893 nobilium
1126 3884 1131 3899 ,.

64 3930 200 3989 equarum
213 3913 340 3991 gregem)
357 3933 371 3971 a
392 3916 468 3989 egit:
487 3932 518 3969 at
533 3909 621 3969 multo
638 3914 743 3979 majora
761 3931 846 3993 quam
865 3930 1007 3990 acceperat.
1018 3910 1090 3967 hosti

66 3987 170 4044 damna
184 3984 313 4067 rependit.
324 3986 475 4071 Duglaffius
487 4006 584 4067 gnarus
597 3983 787 4045 Criclttonium
798 3987 895 4045 alienis
907 3990 998 4065 mangis
1006 4008 1096 4070 quam

64 4064 183 4147 propriis
198 4064 302 4128 uiribus
311 4064 424 4141 fretum,
441 4066 470 4123 in
483 4066 583 4129 amicos
597 4066 652 4147 ejus
665 4066 740 4131 iram
755 4068 858 4143 uenit,
884 4087 905 4128 a
916 4066 1020 4152 quibant
1037 4062 1117 4209 clem

258 4146 261 4151 '
427 4158 447 4219 3
1066 4149 1143 4191 nm
