2316 4416
216 444 349 536 Liber
373 446 572 533 Decimus
591 427 762 531 Urtius.
940 466 1019 555 395

27 565 114 639 ldmt,
137 568 167 625 in
179 584 211 623 ea
225 584 314 647 pugna
329 566 471 623 Scotorum
489 559 567 644 supra
578 566 699 645 quinque
711 562 801 621 millia
812 560 954 624 cecidiil'e:
971 564 1019 624 sed
1078 550 1086 566 ’

27 664 48 703 t
61 641 256 701 nobilifl'smurn
278 659 428 721 quemque,
451 661 483 697 ac
503 658 587 697 manu
606 637 826 719 promtifl'mrum,
870 644 899 697 ui
913 641 1019 699 malue-

27 738 56 777 nt
68 720 222 799 inteiligio
235 721 319 789 mori,
355 738 439 799 quam
461 712 572 773 suorum
591 716 664 773 cadi
685 714 714 773 su
748 713 823 773 ress‘e.
848 660 901 775 bx
921 717 1021 797 Anglis
1071 714 1075 722 ’

27 818 62 929 qs
66 798 201 854 minorem
215 813 358 853 numerum
369 790 553 851 desideratum
564 789 666 863 ftrunt,
740 812 805 851 eum
823 798 1015 874 gregariorum

27 896 31 931 ι
55 892 80 931 e.
566 898 570 905 ·

29 948 157 1007 XXXIX.
175 945 242 1003 Hac
253 943 288 1001 est
301 943 350 1001 illa
360 943 461 1002 nobilis
472 945 509 1001 ad
529 941 692 1003 Fluidonem
710 960 816 1025 pugna,
837 948 908 1001 inter
919 964 1016 1023 paucas

27 1042 132 1083 otor-usn
144 1023 231 1079 clades
241 1022 439 1091 memorabilis,
454 1041 510 1079 non
523 1039 580 1078 tam
591 1018 719 1077 taesortrm
734 1040 847 1078 numero
865 1028 943 1095 (nam
954 1023 1016 1097 plu·

27 1121 67 1158 >us
81 1098 140 1155 aliis
154 1099 255 1173 praeliis
271 1099 356 1169 duplo
370 1098 458 1177 plures
478 1100 629 1176 pecierunt)
645 1118 729 1177 quam
743 1096 859 1177 Rege&
873 1100 1016 1156 Procerum

27 1175 156 1255 incipibus
169 1172 280 1309 affligis,
289 1174 326 1266 ¹&
340 1179 427 1265 paucis
437 1170 630 1307 inclama,
648 1176 697 1255 qui
709 1174 1018 1307 mulri‘qmlintfflaru·
1090 1198 1093 1203 ·

248 1269 257 1295 l
1005 1287 1019 1298 ιι

27 1250 215 1387 rbelrodrb’l'dum
227 1266 600 1385 aldclllbbllnnbtbndaeterormn
612 1266 913 1384 dalildirtltddosebnsdrunt
926 1352 933 1386 :
950 1272 1017 1385 nib

34 1403 203 1463 sacerdotum
214 1402 416 1477 opulentiorum
430 1422 463 1459 eo
475 1406 560 1461 creuit
573 1401 725 1473 insolentia,
756 1422 796 1477 ut,
824 1422 879 1459 non
896 1406 1018 1461 contenti

27 1502 40 1539 a
53 1478 201 1549 funftiont,
216 1483 310 1538 omnia
323 1481 400 1558 regni
411 1483 506 1538 murcia
519 1480 556 1537 ad
568 1477 595 1539 se
606 1478 715 1537 trabere
726 1482 896 1537 niterentur:
914 1480 943 1538 dt
961 1478 1020 1541 fra·

26 1576 47 1615 er
60 1557 246 1615 Mendicantes
262 1558 308 1631 (id
322 1553 521 1613 Monaehortrm
538 1572 598 1613 tum
617 1575 701 1635 genus
711 1572 771 1613 erat
783 1558 905 1613 maxime
926 1554 1018 1639 super-¹

26 1629 141 1702 tiosum)
157 1653 219 1691 cum
233 1629 384 1707 depolltam
404 1651 511 1703 eorum,
528 1635 577 1707 qui
599 1634 628 1689 in
641 1632 712 1690 bello
725 1632 887 1705 ceciderant,
910 1636 1019 1712 petum·

27 1731 50 1780 a,
70 1706 123 1767 llne
136 1708 244 1767 testibus
257 1711 292 1766 ad
304 1708 506 1766 custodiendum
519 1726 665 1789 acceptam,
675 1707 851 1779 retinuissent,
862 1727 894 1765 ex
906 1729 937 1767 ea
945 1730 1019 1791 prae·

27 1834 29 1840 ,
43 1785 222 1865 opulentiores
234 1782 312 1856 faeti,
328 1787 426 1845 veteris
443 1784 591 1865 distiplinae
601 1782 771 1843 severitatem
783 1782 928 1843 solverunt.
958 1788 1018 1846 Nec

28 1880 105 1918 erant
119 1864 190 1918 inter
199 1880 255 1933 tos,
272 1864 320 1941 qui
333 1861 361 1917 id
372 1880 454 1939 genus
465 1859 590 1942 quaestus,
607 1862 680 1938 ve¹4=t
691 1857 813 1921 sanilam
825 1863 965 1941 quandam
985 1883 1018 1919 ac

27 1958 69 1995 tm
92 1934 229 2008 fraudem,
263 1936 424 2016 probarent:
456 1956 505 1997 ntc
525 1956 588 1995 eam
607 1940 747 2018 pecuniam
771 1937 870 1995 melius
890 1938 1018 1995 collocari

27 2011 69 2071 ise
80 2014 282 2082 contenderent,
300 2034 384 2092 quam
396 2034 458 2071 curn
471 2012 567 2071 sanetis
579 2011 734 2072 hominibus
748 2014 813 2071 data
826 2012 868 2084 fit,
893 2018 940 2095 qui
962 2011 1016 2071 suit

27 2089 114 2147 tribus
125 2092 230 2148 animas
243 2085 433 2146 defunctorum
445 2086 579 2167 suppliciis
592 2088 736 2148 horrendis
749 2090 904 2147 liberarent.
941 2090 1015 2147 Cum

27 2183 70 2223 nta
83 2163 173 2225 fitillet
185 2170 213 2223 in
226 2186 314 2247 pugna
328 2168 483 2221 animorum
496 2164 650 2235 obstinatio,
667 2184 697 2224 ut
715 2165 761 2223 sub
775 2163 884 2224 nollem
903 2182 1018 2247 utraque

31 2262 57 2299 rt
70 2239 146 2313 fella,
174 2261 204 2300 ac
216 2262 299 2321 prope
310 2237 363 2297 succ
373 2240 535 2297 conditionis
555 2244 668 2314 incerta,
694 2240 840 2313 secess'rss'tt,
865 2240 1015 2301 Alexandri

27 2322 94 2395 umii
106 2318 221 2390 milites,
238 2322 287 2397 qul
300 2318 400 2397 integri
422 2313 615 2389 remanserant,
644 2339 774 2401 magnam
793 2316 939 2397 spoliorum
955 2339 1017 2399 par·
1064 2362 1069 2369 .

26 2414 112 2528 lli
125 2394 355 2529 lllffl‘islll
368 2391 1017 2542 rill'ill‘llli’llll‘c‘ll{llllllz}

27 2564 130 2604 noenta
144 2513 301 2605 mcustbuita
315 2544 461 2627 reperisset,
479 2534 666 2627 melioremque
677 2512 847 2604 mortuorum
857 2564 961 2625 partem
972 2554 1018 2605 in·

27 2620 152 2695 oliatam,
168 2636 229 2685 tum
243 2623 355 2680 demum
364 2624 517 2680 Havartum
535 2622 675 2697 arcellttit,
690 2623 729 2695 δι,
751 2618 843 2703 spoliis
859 2642 906 2702 ptr
927 2628 1014 2683 otium

27 2696 83 2769 tiis,
100 2718 201 2777 magna
215 2698 314 2757 laetitia
326 2699 469 2755 viiloriam
482 2699 627 2757 celebrant.

34 2774 97 2831 XL.
114 2775 158 2831 De
170 2778 247 2851 Rege
256 2776 398 2831 Scotorum
411 2774 510 2853 duplex
520 2774 596 2833 fama
609 2774 655 2833 eil.
679 2774 764 2854 Angli
780 2777 807 2833 in
820 2769 1014 2856 pugntcaesum

27 2851 160 2907 ntendunt
173 2876 180 2908 :
199 2852 272 2908 Scoti
283 2866 376 2907 contra
387 2848 533 2923 affirmant,
548 2851 698 2931 complures
717 2851 809 2909 codic
821 2850 1016 2931 paludamento

27 2943 144 3007 tetroque
159 2924 255 2985 babitu
268 2924 359 3003 Regio
371 2922 440 2996 ustas,
458 2931 570 3007 partim,
587 2948 621 2985 nt
632 2926 719 2986 bolles
731 2946 814 2986 unum
828 2928 948 3008 aliquem
963 2922 1014 2983 libr

27 3006 156 3084 mcipuum
169 3001 273 3060 hoilem
286 3002 459 3072 destinarent,
481 3024 497 3059 a
521 3006 593 3079 cujus
610 3021 699 3062 morte
716 3002 838 3063 villoria·
856 3024 887 3060 ac
907 2998 1014 3061 summa

27 3078 60 3136 lli
74 3080 216 3160 penderct;
235 3083 348 3161 partim,
364 3098 408 3149 ne,
419 3076 486 3139 caeso
497 3080 584 3155 Rege,
593 3082 664 3139 ciret
675 3078 1017 3165 animurfflesponderent,

27 3176 46 3213 a:
58 3176 120 3213 eum
130 3154 258 3213 amilium
270 3156 419 3221 crederent,
433 3156 568 3236 quamdiu
577 3156 697 3239 aliquem
707 3160 911 3237 Regioarmasu
924 3155 953 3213 &
965 3172 1016 3213 cas·

27 3229 634 3368 catullacclinabat
648 3226 1034 3389 tlttlallbstlt?

27 3406 63 3443 rm
76 3382 155 3443 fuisse
167 3385 355 3443 Alexandrum
368 3382 569 3455 Flfinilonium,
607 3389 635 3443 ui
654 3386 685 3443 dt
701 3386 777 3443 vultu
789 3384 818 3443 &
830 3384 927 3443 flatura
940 3387 1014 3457 Reqi

27 3459 140 3519 erllmilir
160 3458 232 3519 esset.
268 3462 339 3519 Cum
355 3481 398 3533 eo,
414 3462 511 3518 induro
523 3406 716 3541 paludamento
725 3465 827 3541 Regio,
843 3460 938 3517 liorem
954 3463 1013 3519 No-

29 3539 124 3609 litatis,
141 3541 247 3611 chcm
259 3534 334 3615 sequi
347 3536 467 3607 stratos,
485 3536 600 3619 ideoque
620 3546 691 3596 mori
710 3539 866 3609 obstinatos,
882 3534 1015 3599 cecidille.

27 3612 88 3671 ssum
108 3633 174 3671 vero
187 3618 291 3689 Regem
305 3613 433 3671 'Praedam
445 3613 558 3671 fluuium
569 3611 699 3687 tranfillc,
717 3616 746 3675 &
764 3634 847 3695 prope
867 3608 1011 3671 Callonem

27 3692 126 3770 pidum
140 3712 154 3746 a
167 3691 310 3749 clientibus
322 3692 421 3747 Humi
434 3688 616 3757 interfel'lum,
635 3697 777 3764 incertum,
793 3710 829 3749 an
847 3708 880 3747 eo
899 3690 1016 3760 jubente,

27 3788 33 3823 ι
46 3768 129 3824 caedis
142 3766 271 3823 ministris
281 3788 313 3823 cu
334 3770 424 3825 illitati
438 3771 543 3833 patroni
556 3766 594 3825 sui
607 3766 792 3838 sortientibus,
803 3766 877 3849 quod
891 3764 1015 3823 homines

27 3862 132 3899 »varum
145 3864 233 3899 rerum
247 3788 348 3923 cupidi,
375 3864 409 3899 eo
425 3842 540 3913 sublato,
562 3866 653 3903 rerum
674 3848 800 3903 omnium
823 3846 1014 3921 impunitatem

27 3918 154 3982 “abanet
177 3925 243 3977 vivo
254 3939 356 3989 autem,
365 3917 514 3978 collationis
528 3924 555 3977 in
565 3942 651 4001 pugna
660 3941 753 4002 poenas
764 3920 929 3979 metuebant.
956 3918 1019 3974 Ael-

27 4013 69 4051 snt
82 3994 111 4051 dc
125 3995 377 4070 allassonjtiluras.
413 3997 518 4055 Fadem
531 3998 621 4069 noble,
636 4018 700 4082 quae
714 4016 833 4081 pugnam
850 3996 927 4055 illam
948 3994 1021 4051 inse.

26 4092 79 4132 :em
91 4068 179 4133 secuta
201 4070 248 4147 eil,
267 4072 433 4135 Cornobium
447 4069 622 4138 Calsoatma
827 4070 1046 4207 Carnqbbpqn'x't

925 4164 988 4205 um
997 4160 1073 4203 b'cbssq
