2316 4416
646 422 651 431 '
1135 433 1153 455 x

323 516 453 607 Liber
477 516 674 607 Decimus
696 518 842 606 Sextus.
1001 545 1081 625 491

61 632 202 696 baberent.
237 634 448 717 llaclegaeione
466 658 521 718 pax
541 636 654 697 confieri
675 656 731 695 non
751 637 851 717 pontit,
877 635 952 719 quod
976 642 1087 717 pietatis

62 715 197 786 vindices,
214 716 295 774 toties
306 718 384 773 vanis
394 710 529 793 promiilis
540 712 616 789 eiufi,
631 712 736 773 nuliam
753 710 922 795 pastionibus
939 711 1023 771 fidem
1035 714 1084 774 lra-

62 788 179 853 berent:
197 810 245 849 nec
256 794 364 873 Regens
378 808 439 847 turn
450 786 579 865 lubebat,
595 810 643 849 aut
656 788 675 849 ii
689 783 833 859 babuill'et,
850 788 906 845 edi
927 792 1013 848 niente
1033 790 1081 849 sua

61 864 330 941 existimailet,aliud
343 864 409 925 fidei
420 862 626 925 firmamentum
640 868 715 927 dare.
752 862 904 923 Accedebat
955 864 1084 923 illndiffi-

41 942 158 1016 ‘cultae
173 960 215 1001 ·ut
232 945 320 1027 (quod
338 946 461 1001 maxime
480 942 637 1025 petebatur)
651 944 787 1026 peregrini
808 950 894 1021 regno
917 945 1085 1016 excederent,

63 1020 142 1099 quod
153 1020 289 1101 praeliare,
305 1016 453 1078 inconsulto
464 1020 541 1101 Rege
555 1018 668 1093 Galliae,
684 1038 739 1079 non
754 1034 879 1099 poterat:
896 1015 927 1075 &
943 1036 1029 1077 morte
1043 1024 1088 1078 in·

64 1100 207 1154 duriatum
219 1094 391 1177 interpella,
408 1112 463 1153 non
475 1098 512 1155 ad
524 1098 631 1154 animos
642 1097 679 1153 ad
689 1112 782 1177 pacem
795 1092 979 1167 innectendos,
987 1093 1043 1169 sed,
1055 1114 1085 1153 ut

61 1168 132 1253 sepe
142 1190 220 1229 antea
232 1176 336 1255 experti
348 1190 435 1243 erant,
452 1173 488 1229 ad
499 1170 651 1231 arceileoda
663 1170 767 1231 auxilia
783 1186 904 1242 externa,
920 1173 1089 1250 petebantur.

64 1248 128 1307 Hoc
138 1258 245 1305 tantum
257 1250 394 1321 convenit,
410 1264 440 1304 ut
459 1246 537 1306 Galli
551 1250 654 1307 milites
674 1250 705 1319 in
726 1244 896 1304 Lochianam
919 1245 1101 1328 transporta-'

62 1342 170 1397 rentur,
184 1326 300 1385 iodueiae
320 1343 353 1382 ue
370 1326 399 1381 ln
410 1322 473 1383 οᾶο
485 1324 544 1383 dies
558 1322 663 1396 ilerent,
680 1324 747 1382 dum
759 1326 867 1401 Regens
876 1321 1086 1402 pueiiicatorese

61 1394 118 1533 {uis
130 1399 167 1457 ad
181 1402 285 1459 Fanum
295 1346 415 1460 Zodreae
437 1403 571 1475 mitteret,
597 1403 645 1485 qui
657 1404 732 1475 pacis
754 1418 844 1483 tequas
868 1398 940 1481 leges
963 1400 1085 1487 utrisque

77 1492 177 1535 errent.

102 1548 231 1609 XXXVI.
248 1548 433 1612 &evindicet
448 1550 586 1611 libertatis
604 1572 667 1612 cum
679 1552 759 1633 plane
771 1549 959 1633 perspicerent,
976 1552 1086 1635 Regen-

59 1640 134 1700 tem,
150 1626 225 1711 quod
235 1626 446 1701 conditionibus,
463 1626 514 1687 fibi
526 1628 654 1703 honestis,
671 1648 730 1687 tem
742 1644 902 1709 componere
923 1644 977 1685 non
990 1628 1085 1709 pollet,

62 1718 283 1839 mnmppgmnms
288 1704 499 1840 pppgtauopgm
511 1724 654 1839 qtraerereil
667 1702 1085 1841 ῗίιὲφᾱρνζκῐῖιυιιέωξίὶηζπίυω

60 1798 352 1935 ῗίιᾷιςΰέςεωητωεζῐω
365 1798 418 1925 ἕξις
441 1860 462 1891 “
476 1798 591 1919 gisl’ert
612 1800 670 1931 utto:
686 1782 949 1939 dedubocbrgsfidlo,
964 1800 1087 1915 libe’rupdrr

62 1934 83 1967 “
96 1930 151 1991 suis
162 1932 188 1991 le
209 1930 269 1991 ibus
286 1933 462 2017 relinqueret,
488 1938 539 2009 uti,
557 1942 585 1994 ln
603 1956 621 1993 o
657 1932 704 1991 ido
724 1934 889 2009 recipiendo,
918 1932 995 2013 padio
1007 1952 1082 1991 erat:

60 2010 82 2041 “
97 2006 176 2084 buius
187 1950 302 2067 iudeus
311 2011 409 2069 violati
420 2009 557 2070 Invidiam
570 2014 598 2069 in
625 2008 776 2083 tenuitati,
793 2013 842 2095 qui
857 2007 976 2068 ficiendi
989 2009 1082 2067 anilo-

59 2086 81 2117 “
96 2080 265 2146 resilierant.
300 2084 616 2169 CumnibilaRegente
627 2084 837 2168 responderetur,
847 2084 976 2145 Pertbum
986 2086 1086 2158 sersus,

61 2160 136 2219 tutele
156 2178 245 2243 preces
266 2156 296 2217 dt
318 2160 507 2220 lamentabiles
526 2162 644 2247 querelae
657 2160 782 2247 quotidie
799 2160 990 2233 afferebantur,
1008 2160 1082 2243 signa

61 2254 230 2297 conuertunt.
267 2235 415 2296 Kinfanius
437 2240 523 2310 enlm,
552 2242 655 2299 vicinus
676 2236 858 2311 Comnrcbus,
872 2256 953 2321 quem
966 2240 1084 2317 Regens,

63 2332 129 2371 nrm
141 2309 300 2385 discederet,
316 2336 333 2371 o
371 2313 417 2372 ido
435 2310 565 2395 prxsecit,
593 2332 622 2372 ut
635 2312 697 2372 obse
718 2316 800 2374 uendi
811 2314 927 2372 iludium
944 2321 1085 2373 vexatione

62 2392 169 2448 civium
183 2390 336 2461 ostentaret,
366 2390 623 2525 uodoloriprivato
635 2393 683 2449 ind
713 2392 814 2472 gebat:
833 2390 1084 2451 &veteresinimi-

63 2466 156 2539 eiciat,
195 2485 241 2523 uas
252 2484 313 2523 curn
344 2461 459 2550 lerii'que
471 2468 515 2523 eiu
528 2488 573 2525 um
593 2466 722 2541 babebat,
737 2486 834 2549 patum
851 2468 969 2527 civiliter
980 2486 1084 2527 meree-

61 2540 123 2613 bat,
140 2486 203 2599 aliis
215 2542 300 2598 domo
311 2486 423 2624 fligatit,
440 2541 503 2601 aliis
514 2542 627 2602 obtentu
638 2541 778 2625 religionis
787 2538 921 2617 spoliatis.
955 2544 1015 2603 Nec
1027 2542 1084 2603 dii·

64 2614 184 2675 iimilem
207 2618 339 2677 militibus
359 2619 497 2678 licentiam
509 2620 694 2703 permittebat.
730 2620 790 2679 Has
810 2622 932 2691 injurias,
947 2620 1082 2680 amicis&

61 2694 213 2751 eorundem
225 2691 360 2752 sacrorum
370 2690 448 2754 sociis
461 2696 560 2771 illatas,
575 2716 649 2772 etun,
666 2700 716 2780 qui
726 2694 812 2777 Cupri
830 2712 918 2767 erant,
936 2694 1084 2755 intellexis-

60 2766 132 2842 sent,
148 2774 201 2827 iter
213 2789 246 2827 eo
277 2772 351 2827 rimo
368 2790 450 2829 mane
469 2778 675 2853 pronunciatum
698 2772 744 2832 eil.
826 2772 921 2852 pidum
941 2769 1084 2844 obseil'um,

101 2844 231 2919 ilpuucos
250 2790 355 2902 dieresi
375 2846 523 2908 deditum:
553 2870 593 2922 ac,
629 2846 686 2907 ulib
697 2845 846 2921 Kinfanro‚
863 2844 1020 2921 perfeetum
1035 2868 1083 2907 ur-

83 2938 135 2981 ana
146 2923 263 2979 Patricio
275 2922 401 2994 Ruteno,
417 2920 545 3004 puseilo
557 2868 683 2999 jur-iiico,
700 2924 807 2983 reddita
828 2922 879 2982 eil:
897 2922 998 2980 deinde
1021 2925 1083 2982 Seo-

63 3016 141 3071 nam,
157 3014 231 3055 vetur
244 2994 273 3055 δι
284 2994 438 3077 infrequens
446 3000 590 3081 oppidum,
606 3000 642 3059 ob
655 3014 740 3059 unum
751 2996 870 3071 suorum,
885 3018 978 3058 contra
992 2998 1076 3059 fidem

61 3076 170 3141 datam,
187 3068 312 3145 oedibus,
329 3072 513 3132 intenderunt.

105 3150 250 3208 XXXVII.
268 3150 319 3207 Per
341 3149 522 3231 exploratores
538 3146 576 3208 est
592 3146 730 3224 rei'cimm,
752 3154 903 3233 Regentem
925 3150 1082 3232 praelidinm

66 3226 232 3283 Francorum
242 3224 388 3285 SterlInum
400 3223 551 3295 misturam,
568 3244 609 3301 ut,
626 3233 675 3309 qui
684 3228 754 3285 ultra
766 3226 898 3286 Fortbam
910 3247 996 3295 erant,
1013 3249 1028 3285 a
1041 3248 1084 3287 re-

62 3302 148 3380 liquis
173 3301 386 3363 excluderentur.
432 3304 466 3363 Id
491 3300 632 3361 eonsilium
653 3320 684 3363 ut
702 3307 904 3385 provenirent,
935 3301 1085 3363 Gilessicus

64 3374 224 3435 Cambellus
236 3374 266 3435 dt
277 3380 394 3458 Jacobus
403 3377 534 3451 Stuartus,
550 3382 606 3455 jain
618 3380 703 3440 multa
715 3380 794 3439 noble
812 3400 873 3439 eum
885 3375 991 3436 summo
1006 3328 1085 3438 blen-

64 3458 106 3511 tio
118 3452 218 3511 Pcrtbo
230 3472 383 3527 moverunt,
399 3472 429 3513 ac
441 3454 558 3514 Sterlino
570 3458 662 3535 potiti,
677 3456 837 3515 monasteria
852 3458 977 3513 Fratrum
992 3457 1082 3516 statim

62 3530 224 3588 diruerunt:
241 3548 338 3591 cetera
351 3536 418 3591 item
429 3536 499 3589 eirca
512 3531 607 3590 urbem
621 3528 735 3593 samaria
749 3532 783 3590 ab
796 3532 931 3591 idolorum
945 3532 1017 3588 cuitu
1035 3552 1085 3590 ne-

63 3604 136 3664 sorio
156 3607 353 3669 emundarunt:
372 3628 414 3679 nc,
437 3606 493 3689 posi
511 3612 624 3667 tertium
644 3608 731 3677 diem,
748 3612 836 3681 vlam,
853 3624 914 3690 quae
934 3608 1085 3666 Edimbur-

62 3702 132 3764 gum
147 3680 210 3753 fert,
229 3682 346 3763 Ingreili,
365 3681 560 3757 Limnuchunn
577 3686 606 3741 in
617 3686 712 3743 tnerlio
725 3688 821 3743 itInere
835 3683 926 3755 fiturn,
940 3681 1085 3763 superstiti-

61 3754 111 3815 oso
122 3756 193 3815 nritu
206 3756 339 3819 llberant:
356 3756 385 3817 δι
405 3779 560 3843 quanquam
582 3760 734 3819 admodum
756 3764 836 3833 pauci
854 3778 968 3817 numero
992 3760 1084 3829 cilent,

63 3830 150 3899 vulco
163 3834 295 3909 rnilitum,
312 3852 359 3894 tan
380 3856 444 3893 urm
465 3835 538 3905 bello¹
556 3833 686 3905 conseilo,
704 3838 740 3896 ad
752 3834 896 3897 domcilica
916 3842 1024 3909 negotia
1040 3838 1085 3895 di-

61 3894 150 3991 lapi'o,
168 3927 217 3980 per
228 3927 270 3968 tot
281 3916 349 3987 opp'
398 3930 491 3971 tamen
503 3910 654 3987 compteilo
665 3912 835 3995 Papanotum
847 3906 925 3979 fallu,
941 3913 1082 3972 Scotorum

61 3986 94 4046 81
114 3982 259 4045 Gallorum
281 3986 404 4047 cobortes
426 3992 604 4049 memmarias
624 4006 713 4047 tantus
733 4007 823 4048 terror
843 3984 952 4061 invasu,
964 4010 1091 4059 uncum

61 4059 201 4132 omnibus,
219 4078 278 4143 que
295 4064 404 4123 trabere
424 4082 551 4139 poterant
577 4066 804 4141 impedimentis,
814 4064 1003 4127 bambnrum
1012 4064 1114 4137 pedu-

55 4154 164 4217 gereot.
200 4138 341 4202 Scotorum
354 4142 522 4219 Procerus
565 4144 1158 4283 auraudurcipionisberneiums²312(t
