2316 4416
159 458 242 541 299
459 432 613 521 Rerum
638 436 874 525 scoticorum

157 550 231 643 leggs
254 550 285 607 in
305 546 443 631 publicium
462 548 542 643 utiles
563 550 643 643 latae:
661 546 709 609 sed
720 548 889 640 potissimum
900 548 1061 639 ailatroein

155 622 1061 785 {lilla&illustrius:glssll‘zimi‘il

157 776 307 857 Agitatum
321 776 430 869 deinde,
445 777 619 883 ‘lei‘ql'l'n‘
637 776 731 913 Anpplp
749 778 785 836 ob
798 776 988 867 redimendum
1005 780 1061 869 liep

160 854 261 925 venda,
277 870 307 907 ut
327 852 419 934 aliqua
440 870 512 911 ratio
535 871 657 911 intretur.
722 874 779 925 am,
795 873 856 911 eom
879 868 1061 933 patrimomun

159 949 232 1000 curn,
248 944 291 985 tos
301 925 389 1002 bellis,
405 927 433 985 ἃ
450 926 520 986 bella
532 926 625 987 secutis
636 924 812 989 seditionibus
825 926 990 1003 domellicis,
1005 925 1061 990 20

157 1005 264 1063 toribus
286 1008 387 1082 partim
407 1006 589 1069 condonatum
611 1000 1008 1078 essetlielerumadminillris,
1024 1024 1061 1085 pa:

158 1098 245 1161 regno
265 1075 331 1136 bene
352 1080 469 1213 meritip²
493 1082 606 1138 interim
628 1099 686 1137 aete
716 1100 731 1138 a
755 1086 872 1171 pecunia·
884 1081 913 1160 pi
933 1085 1061 1171 noriop}

159 1158 233 1226 Rex,
249 1173 310 1210 eum
330 1152 364 1213 tle
382 1154 431 1213 suo
459 1154 550 1213 olvere
569 1174 670 1236 nonpo
693 1172 731 1227 et,
747 1158 902 1213 civiumun
930 1173 1061 1227 oravttar

158 1232 296 1300 Proceses,
312 1234 363 1311 qui
373 1228 474 1289 liberos
484 1230 617 1289 dederant
627 1227 744 1302 obfides,
757 1226 839 1290 sacile
909 1248 1025 1303 ecertmt,
1042 1252 1061 1289 u

159 1326 220 1365 tum
234 1302 330 1362 lierett
347 1326 443 1365 verum
456 1309 485 1365 in
496 1310 608 1387 pecunia
618 1304 766 1387 preliandi
784 1324 840 1363 non
857 1306 955 1375 eadem
974 1302 1061 1365 facilit

158 1396 349 1461 temperatum.
385 1382 461 1441 Nam
473 1404 535 1441 cum
554 1382 733 1441 estimatione
745 1400 836 1441 setun
845 1380 991 1441 mobilium
1000 1385 1061 1458 cuju

158 1460 266 1539 generis
286 1453 369 1530 sabla,
385 1454 513 1517 vicesima
534 1458 733 1539 imperaretun
750 1460 837 1517 inma
962 1460 1061 1537 unit]

156 1552 304 1616 rerumque
325 1534 443 1591 aliarttm
462 1528 566 1591 summa
591 1536 679 1613 eopia,
701 1554 732 1591 ac
750 1536 829 1613 proin
885 1534 935 1590 v''
965 1550 1003 1607 te,
1018 1530 1061 1593 ho

158 1610 326 1669 tributorum
348 1606 534 1681 insolentibus,
549 1604 580 1665 ἃ
600 1608 753 1689 exemplum
773 1614 803 1667 in
879 1628 957 1669 ersun
979 1629 1026 1668 ma
1048 1612 1061 1649 ⁶·

155 1680 275 1768 prensens
296 1684 491 1743 detrimentum
514 1684 707 1757 metuentibus,
723 1703 764 1741 tes
775 1687 804 1743 vi
816 1706 832 1743 a
845 1682 882 1743 est
893 1682 1027 1743 insoles-ab
1050 1687 1061 1743 i

159 1762 325 1843 potentiores
344 1759 480 1819 calumnia
502 1760 532 1815 in
553 1758 649 1840 vulgus
659 1778 777 1833 caruere,
793 1756 870 1817 velue
880 1758 1057 1819 iudinstoab

155 1836 329 1918 pauperiores
346 1854 444 1905 onere„
472 1834 597 1893 Maxime
609 1851 701 1894 autem
713 1832 820 1917 plebem
831 1834 964 1915 gravabat
980 1834 1061 1895 brevi

159 1914 210 1970 rani
230 1914 287 1971 dies
307 1910 426 1969 llatueus.
461 1912 538 1971 biam
550 1910 771 1971 intradeeimum
802 1914 909 1969 nussum
928 1910 1061 1970 diemde

160 1988 296 2046 ttibtuum
316 1986 491 2061 jubebantur:
503 1985 538 2043 ,ἃ
551 1984 571 2044 li
584 1986 643 2073 quis
655 2006 709 2046 aon
721 1982 789 2043 solv‘
813 2004 850 2059 et,
865 2005 942 2067 petus
964 1988 1061 2061 ejusne

159 2085 226 2122 num
240 2062 328 2133 fiendi,
345 2062 390 2119 vel
402 2062 546 2136 juridicum
560 2057 684 2143 majusque
705 2080 848 2121 conuentus
870 2057 1028 2142 praefeiium
1046 2080 1061 2119 t

159 2159 214 2199 tur.
251 2140 309 2197 Nec
321 2142 382 2197 nris
395 2137 487 2209 alieni,
503 2152 550 2194 aut
569 2135 667 2211 census,
685 2157 765 2218 quem
785 2160 835 2218 pro
854 2134 978 2217 penliont
991 2135 1061 2220 quil}

158 2222 240 2273 mino
250 2212 339 2277 ,fundi
357 2213 490 2282 solvebat,
507 2218 628 2292 exceptio
670 2220 796 2296 uicquam
808 2214 843 2271 ad
857 2212 1061 2271 imminuenluri

159 2311 220 2347 tum
232 2288 348 2346 valebat.
384 2290 442 2347 Nee
454 2238 716 2349 minimumonallum
737 2294 764 2345 in
777 2290 922 2347 acerbitate
934 2290 1061 2349 coruom·

156 2370 277 2445 quinon
291 2363 377 2421 solum
390 2363 496 2443 plebem
510 2364 654 2437 vetabant,
670 2365 716 2422 sed
738 2382 784 2421 aut
806 2362 879 2425 salsis
890 2365 1051 2439 rationibus,

160 2445 237 2500 mint
257 2435 449 2519 impensarum,
468 2458 597 2517 magnam
610 2443 665 2513 ejus
683 2442 812 2521 pecuniae,
830 2457 889 2522 quae
901 2444 929 2498 in
941 2441 1061 2523 publicus

156 2515 347 2597 colligebatur,
365 2534 468 2594 partem
491 2514 654 2575 avertebant.
693 2517 735 2572 Eo
755 2519 838 2573 etiam
855 2520 967 2595 ,gravius
986 2536 1044 2575 etat

152 2594 302 2661 tributum,
320 2592 394 2673 quod
407 2591 511 2649 laxiore
522 2592 636 2680 imperio
659 2589 705 2648 sub
727 2589 957 2661 Gubernatorlbus
979 2591 1059 2650 habit

160 2674 210 2745 qui
230 2666 356 2725 omnibus
376 2670 403 2723 in
426 2666 502 2725 rebus
522 2685 643 2723 animum
656 2665 749 2748 populi
762 2667 810 2723 fibi
823 2668 963 2725 conciliare
976 2667 1061 2727 studel

158 2746 221 2821 fulli
242 2746 325 2823 Regis
345 2740 478 2799 delicierio
500 2742 649 2823 aliquando
672 2760 835 2822 caperentur.
871 2742 917 2801 Ob
930 2764 1061 2826 eamque«

157 2841 222 2877 cum
234 2834 377 2876 conventus
389 2817 520 2875 tributum
531 2818 653 2874 Roberto
663 2821 746 2897 Regis
759 2838 854 2897 patruo
864 2821 975 2899 exigere
987 2840 1061 2899 penu

156 2896 219 2967 ille,
234 2912 265 2950 ut
284 2894 501 2951 benevolentiam
541 2892 678 2972 capularem
690 2894 841 2974 colligeret,
857 2916 911 2975 quo
922 2900 1012 2953 minus
1025 2896 1061 2952 tle

158 2989 216 3042 eur,
233 2968 351 3027 obstitit:
368 2972 388 3002 “
403 2969 489 3050 Seque
502 2915 646 3025 affirmavit
658 2972 746 3050 potius
760 2970 793 3027 de
804 2966 851 3027 suo
865 2991 926 3028 eam
944 2974 1061 3051 pecunias

156 3048 180 3079 “
193 3063 294 3118 turum,
311 3065 395 3126 quarn
416 3041 605 3126 nequisquam
622 3064 655 3101 eo
668 3048 777 3101 nomine
790 3049 972 3124 gravaretur.''
1009 3050 1061 3103 Ro

158 3124 280 3201 primam
304 3118 465 3199 pensionem,
481 3138 597 3199 eamque
615 3120 739 3199 ¹maligne
754 3121 940 3180 ¹contributam
959 3142 1022 3181 cum
1038 3142 1061 3180 er

160 3196 246 3277 idque
256 3216 316 3251 cum
329 3192 533 3275 pellimaplebis
545 3198 644 3275 gratia,
656 3214 754 3275 praeter
768 3196 833 3253 belli
842 3198 963 3255 laborem
975 3218 1061 3280 queret

161 3292 235 3331 nova
250 3290 332 3327 onera
345 3268 395 3327 libi
406 3268 540 3349 impolita,
557 3270 690 3351 reliquam
701 3273 870 3331 exallinnem
884 3272 997 3332 remisit.

1 3395 2 3402 ,
200 3348 333 3405 XXVIII.
348 3344 388 3401 Ca
409 3348 431 3402 ti
450 3352 478 3405 in
491 3344 694 3417 hocconventu,
711 3347 739 3405 bt
753 3352 780 3405 in
792 3346 922 3409 custodias
933 3345 1012 3405 divifi
1031 3348 1061 3407 Μ

78 3448 85 3455 -
162 3423 228 3481 Dux
239 3422 369 3494 Albinia,
387 3366 439 3479 biii
460 3427 514 3494 ejus
534 3421 659 3479 anterus
677 3422 705 3480 ὅ(
725 3423 891 3495 Alexander,
907 3424 936 3481 &
948 3421 1019 3481 socer
1031 3424 1061 3481 D

160 3500 263 3556 Comes
273 3498 411 3568 ,Levinim
429 3496 457 3554 ὅ(
475 3497 611 3555 Robertus
625 3496 754 3569 Oramus,
772 3504 793 3556 is
816 3504 863 3581 qui
884 3498 941 3580 poli
964 3500 1060 3593 aliquo

160 3578 267 3651 Regem
281 3575 425 3632 trucidavit
434 3598 441 3631 ε
451 3575 516 3631 item
530 3576 629 3705 viplnti
643 3592 759 3655 quantor
770 3579 868 3655 primm
880 3574 1031 3635 nobilitatis
1044 3598 1061 3635 v

158 3654 261 3729 reliqui
275 3671 328 3705 non
342 3651 410 3707 acleo
423 3649 470 3705 diu
483 3648 540 3731 post
572 3649 663 3720 imiffi,
682 3651 813 3707 Mordaco
831 3672 891 3707 cum
907 3650 969 3708 liliis
982 3651 1011 3709 &
1031 3647 1061 3707 lb

157 3733 250 3783 tentis.
285 3726 393 3782 'stoilem
407 3745 515 3806 qunque
529 3724 585 3795 die,
603 3746 658 3805 quo
669 3745 761 3806 captus
781 3722 868 3784 fuerat
878 3728 1032 3798 Moriatur,
1050 3730 1061 3783 l

161 3822 233 3858 :arces
246 3806 272 3856 in
286 3800 360 3857 luam
373 3802 529 3879 potestatem
542 3801 703 3879 redigendas
714 3804 829 3870 curavit,
847 3804 875 3858 in
890 3801 951 3859 Pisa
964 3803 1061 3859 Faleol.

162 3880 192 3933 in
203 3874 320 3933 Tale-hia
334 3878 453 3934 Donum.
490 3877 533 3933 Ex
547 3874 596 3932 hac
610 3897 676 3933 uxot
688 3880 741 3950 ejus
755 3877 849 3934 edulia
863 3878 898 3934 ad
915 3877 1061 3937 Tentallnn

162 3952 263 4009 thiano
276 3971 365 4007 arcem
377 3948 465 4009 millu.
501 3952 616 4031 Jacobus
629 3951 748 4009 filiorum
761 3954 892 4010 minimus
901 3955 994 4010 audita
1006 3955 1061 4011 clar

153 4028 212 4101 liv,
230 4026 341 4089 tolltt‘la
353 4046 436 4087 manu
454 4027 687 4091 britannodunum
700 4029 830 4110 oppidum
842 4034 986 4103 cremavit,
1003 4031 1059 4168 8ιὲ
