2316 4416
126 448 205 521 170
429 417 580 527 Ruunt
597 420 832 509 doricarum

123 542 240 603 modun
259 552 356 619 neque,
393 546 471 595 raeter
484 538 593 591 inanem
606 530 729 603 titulum,
747 532 816 599 ullus
838 536 981 595 nominum
1000 534 1072 599 usus.
1108 540 1148 600 Ae

124 612 317 673 Miltolumbus
341 612 454 692 quidem
478 608 555 667 bellis
574 606 727 698 perfunCius
746 608 853 693 aliquot
872 630 958 669 annos
969 632 1074 695 magna
1085 636 1146 675 nrm

122 693 214 771 gloria
228 691 371 775 regnavit:
387 682 433 745 sed
455 688 485 743 in
507 702 595 743 utatis
608 678 719 741 decursu
730 688 795 743 vitre
813 682 957 767 superioris
975 684 996 741 s
1006 688 1145 749 lendortrn

124 770 243 826 nvtritia
257 764 386 823 ioetlavit.
423 762 456 821 ld
469 763 495 819 ei
509 764 609 819 vitium
621 762 723 839 partim
737 782 798 817 eum
819 758 903 833 lenio,
922 710 1042 835 ossolet,
1058 786 1146 825 affl.

124 850 184 901 vit:
202 846 304 923 partim
315 856 425 897 erutum
440 836 477 895 est
496 854 531 895 ert
551 838 653 915 inopia,
670 852 731 915 quae
743 834 922 915 largitionum
933 840 1142 899 immodicarum

123 918 230 997 semper
240 916 277 975 eli
289 932 386 971 corner.
423 912 529 970 Prndia
542 928 645 967 temere
664 912 804 969 nobilitati
815 912 903 971 divisa
914 933 962 1005 ptr
980 910 1063 971 scelus
1074 912 1142 973 adli:

124 992 263 1053 retrabere
284 1006 404 1057 conatus,
422 988 520 1045 multos
534 986 733 1067 opulentiorum
754 991 793 1045 ita
812 988 951 1060 multavit,
969 1006 999 1045 ut
1020 990 1090 1047 alios
1107 992 1142 1049 ad

124 1088 257 1139 mortem,
273 1066 341 1125 altos
360 1064 396 1133 ,td
411 1082 561 1122 extremam
574 1062 719 1142 egestatem
732 1062 878 1143 redegerit.
916 1066 1005 1155 Igitur
1019 1064 1144 1145 praestnte

124 1164 218 1225 pont,
235 1159 367 1221 utcunque
378 1140 515 1197 interdurn
529 1136 606 1213 julla,
623 1134 767 1215 superioris
781 1136 961 1199 beneficentiae
970 1146 1094 1221 gratiam
1103 1138 1145 1201 fit·

139 1238 248 1288 iurante,
264 1238 325 1273 eunt
339 1218 436 1289 injurio
455 1216 491 1273 ad
505 1233 610 1291 paucos,
627 1232 715 1271 metus
726 1230 818 1271 tamen
832 1216 867 1271 ad
880 1216 981 1273 multos
993 1214 1149 1295 pertineret,

111 1245 302 1375 'lpoliororum
314 1288 486 1351 atomorum
499 1286 635 1347 netellnrii
648 1292 676 1345 in
687 1288 818 1347 ultionem
838 1286 959 1361 suorum,
976 1310 1006 1347 ac
1016 1288 1094 1353 suam
1107 1287 1146 1351 se-

123 1376 280 1441 curitatem,
298 1384 392 1425 omnes
403 1366 580 1445 cogitationes
594 1364 775 1421 intenderunt.
811 1366 940 1425 Tandem
954 1368 1027 1445 apud
1048 1366 1147 1431 Gltan·

125 1450 239 1515 enimin
259 1440 392 1523 Angusta,
407 1442 538 1520 corruptis
558 1442 668 1523 pecunia
684 1440 835 1499 domesticis
847 1442 987 1513 mirullris,
1003 1444 1084 1503 nolit
1104 1446 1144 1501 in·

121 1518 252 1592 tromissi,
268 1522 295 1577 R
345 1540 374 1577 m
397 1518 574 1575 trucidarunt.
613 1516 741 1573 facinore
759 1534 925 1601 perpetrato,
952 1520 1072 1579 mioiliri
1094 1538 1141 1577 unt

124 1622 186 1657 cnm
206 1598 315 1677 partieic
326 1598 348 1651 is
365 1614 426 1651 cum
451 1596 479 1647 in
496 1610 579 1670 equos
599 1590 816 1663 conscendissent,
833 1612 901 1675 quos
913 1592 948 1649 ad
962 1612 1092 1653 eventum
1104 1598 1139 1653 rei

124 1690 220 1731 suntor
241 1670 389 1741 habebant,
404 1671 511 1725 vitrum
523 1666 644 1797 veliisgiis
665 1687 712 1745 per
731 1668 838 1749 europus
851 1672 912 1726 nire
926 1670 1070 1749 adopertos
1083 1690 1139 1731 con·

123 1748 199 1820 nult,
216 1752 242 1803 in
256 1748 355 1817 locum,
372 1746 422 1827 qui
433 1744 468 1800 eli
482 1742 518 1801 ad
532 1744 584 1801 For
596 1760 673 1799 aram
687 1742 827 1833 oppidum,
845 1744 940 1814 delati,
957 1746 1068 1803 cedente
1080 1766 1137 1803 ont-

124 1829 148 1885 ri
168 1826 254 1905 glacie
267 1822 388 1878 nondum
408 1816 499 1889 firma,
517 1818 553 1873 ad
566 1834 648 1875 unum
661 1838 738 1899 aquis
757 1816 876 1899 abbsrpti
889 1822 1035 1899 perierunt.
1073 1818 1137 1881 Gelu

125 1900 225 1959 deinde
237 1916 359 1965 coeunte,
377 1895 413 1951 ad
424 1910 528 1973 tempus
540 1892 636 1963 relata,
653 1912 684 1949 at
706 1894 829 1965 tandem,
846 1896 933 1973 glacie
954 1892 1081 1969 resoluta,
1097 1897 1139 1955 de«

124 1980 195 2035 teila
207 1992 328 2053 corpora,
346 1968 435 2051 pallini
447 1988 495 2049 per
506 1970 563 2025 vias
574 1966 704 2099 publicar,
722 1968 757 2027 ad
780 1986 913 2029 terrorem
934 1973 1094 2043 viventium,
1109 1974 1150 2031 ιε’

125 2069 295 2110 mortun-rrum
317 2046 477 2113 ludibrium,
502 2060 703 2101 continuerunt.
750 2046 815 2103 Haee
838 2048 974 2126 vulgatior
1004 2044 1138 2105 elisama.

124 2132 197 2189 Alii.
215 2147 248 2183 ex
261 2120 365 2180 inlidiis
378 2144 392 2177 t
404 2122 558 2209 propinquis
570 2116 663 2175 Grimi
674 2118 702 2175 ὅ(
716 2117 895 2192 Conllnntini,
912 2118 1079 2200 superiorum
1088 2126 1137 2179 Re-

124 2226 201 2273 oum,
218 2218 327 2257 truento
340 2198 435 2277 prsrlio
446 2198 576 2264 conluto,
594 2196 768 2252 interemtum
783 2212 791 2261 ;
811 2196 870 2267 ulii,
889 2218 904 2253 n
925 2202 1080 2279 propinquis
1093 2219 1136 2277 pu·

125 2272 184 2337 {lio
199 2276 307 2343 nobilis,
322 2276 365 2331 cui
386 2275 443 2327 rim
465 2267 602 2338 intulerat,
620 2266 736 2335 cusum
755 2292 847 2329 ornnes
862 2272 982 2329 violenti
996 2292 1085 2329 morte
1098 2292 1137 2353 pt-

123 2352 207 2424 suile,
224 2352 344 2407 trudunt.
380 2344 572 2403 blileolumbus
590 2343 666 2423 supru
685 2366 768 2404 annos
782 2350 895 2427 triginta
921 2366 1033 2426 regnum
1046 2350 1084 2405 ita
1102 2368 1137 2407 tt-

123 2437 194 2495 nur't,
211 2446 250 2497 ut,
267 2422 317 2481 niti
341 2426 457 2481 attritis
481 2419 592 2479 senilem
613 2422 735 2477 animum
755 2421 921 2502 eorrupiss'et,
940 2426 1010 2479 inter
1023 2446 1040 2477 o
1072 2427 1136 2481 imos

126 2510 257 2582 Principes
273 2500 368 2557 haberi
381 2494 472 2577 pollet.
508 2494 612 2563 nonus,
631 2515 686 2577 quo
701 2516 821 2555 mortuus
835 2496 880 2569 cll,
898 2441 1069 2577 prodigiodil
1081 2500 1137 2568 i'uit,

125 2584 217 2640 bieme
239 2580 394 2644 fluminum,
411 2592 473 2631 utre
486 2574 569 2627 maris
590 2570 825 2631 inundationibus:
846 2578 922 2643 item,
941 2578 1029 2652 potitis
1049 2576 1138 2631 diebus

124 2660 183 2739 poli
196 2656 316 2713 aellivum
331 2647 485 2717 solllitium,
502 2644 656 2703 vehementi
680 2646 751 2719 gelu,
768 2648 879 2707 &uiuis
891 2650 969 2707 cusu:
988 2652 1063 2731 quod
1081 2672 1138 2731 pso·

124 2738 231 2809 digium
244 2747 356 2807 magna,
371 2723 493 2804 frugibus
505 2725 645 2801 corruptis,
661 2716 746 2781 furnes
764 2724 801 2781 est
814 2722 960 2782 consecuto.

275 2972 523 3057 LIBER
568 2968 988 3056 SEPTIMUS.

124 3106 149 3163 Ι,
305 3101 334 3156 U
344 3094 370 3151 n
381 3096 411 3151 Μ
431 3098 560 3175 pertinaci
580 3097 751 3149 contentione
774 3096 972 3156 Kennetbus&
987 3098 1138 3157 Mileolum·

171 3088 382 3377 Qbus
405 3175 460 3243 ejus
483 3168 552 3227 lilius
573 3169 750 3241 elaborat-int,
769 3190 797 3227 ut
808 3176 914 3252 Regum
928 3174 1010 3232 liberi
1025 3194 1072 3267 per
1084 3198 1137 3233 mr-

335 3266 384 3301 nns
397 3250 509 3325 imperia
526 3264 665 3337 parentum
686 3250 843 3327 arriperent,
860 3248 888 3306 su
908 3253 995 3306 rriore
1015 3250 1087 3307 libro
1105 3250 1137 3307 est

339 3322 444 3378 anobis
463 3322 642 3403 explicatum
683 3344 716 3377 uo
729 3344 793 3379 reto
805 3273 912 3381 inicedit
934 3328 962 3381 id
976 3326 1095 3397 fecerint,
1112 3330 1137 3383 in
1151 3332 1153 3339 '

126 3400 297 3483 scqnentibus
320 3397 468 3478 apparebit.
504 3398 585 3454 Certe
610 3344 684 3477 quod
706 3400 809 3479 publice
831 3422 923 3471 regno,
941 3420 988 3457 nur
1012 3406 1137 3481 privatim

126 3478 248 3557 Regibus
261 3474 476 3553 promittebatur,
494 3492 526 3529 ert
541 3472 600 3549 lege
613 3494 694 3541 novt,
711 3472 885 3533 commodum
902 3496 954 3533 non
974 3476 1010 3533 eli
1020 3478 1138 3537 consecu-

125 3544 193 3612 turn.
231 3552 282 3609 int
305 3556 379 3605 enim
403 3546 528 3607 uniteriis
550 3550 733 3607 ollentrbrtur
746 3552 849 3607 utilitas
862 3574 893 3610 ert
909 3552 958 3609 boe
969 3552 1068 3633 Regio
1088 3550 1154 3631 sut-l

125 3631 242 3687 cdlionit
265 3625 456 3692 stabilimento,
482 3641 510 3678 ut
533 3622 687 3695 seditiones,
703 3626 799 3691 caedes,
817 3626 919 3687 inlidit·
942 3632 1013 3686 inter
1033 3636 1138 3713 propin·

126 3726 205 3779 quor,
222 3704 338 3759 .tmbitio
358 3704 428 3756 luter
447 3720 576 3780 proceret,
593 3700 719 3777 maloque
735 3721 830 3759 eutr-tn
853 3726 914 3783 qun·
927 3726 959 3761 tr
973 3710 1006 3764 iis
1019 3704 1138 3766 naliil'o'·

117 3783 194 3849 irin,
212 3796 430 3857 pturrnrerenrur.
466 3774 568 3832 Contra
584 3796 658 3839 veto,
676 3776 746 3831 mibi
765 3778 862 3836 tnuilssis
876 3782 1011 3839 mulorum
1026 3784 1139 3863 publico-

127 3877 187 3909 rum
202 3856 377 3933 perquirenti,
394 3852 422 3907 &
439 3852 538 3908 venula
562 3872 622 3908 tunt
644 3854 833 3909 recentioribus
856 3852 1014 3928 conferenti,
1032 3858 1089 3919 boec
1110 3882 1139 3916 o-

128 3934 216 3993 mnir,
233 3950 292 4007 qun·
305 3928 364 4003 lege
378 3948 444 3983 nora
458 3924 638 4003 fugiebamus,
654 3929 732 3997 vitio,
751 3950 803 3983 uon
815 3932 921 3989 retulit¹
940 3936 1007 4005 leuis
1020 3944 1141 4017 antiquu-

126 4022 201 4063 trone
217 4006 341 4064 ridentur
353 4006 489 4075 exiliut'ia,
506 4000 550 4063 l'td
563 4024 622 4065 curu
636 4022 704 4065 nova
720 4010 805 4087 potius
819 4028 949 4089 turgottus
965 3998 1090 4091 'atttpiss'e
1102 4016 1141 4068 in-

970 4109 1141 4149 trementum.
