2316 4416
72 441 325 533 'APUD
384 422 732 531 scotor.
893 475 942 558 23

26 582 92 648 pater
111 565 262 651 ailquando
280 562 461 623 hcerdotiunr
482 561 617 636 tenuisset,
635 562 707 623 filius
720 564 775 625 ulla
786 567 893 625 ratione
904 586 949 627 te.

41 664 127 726 neque
147 643 198 700 hac
215 644 338 700 cautione
351 642 504 723 quidquam
524 638 675 721 proleilum
694 641 741 700 ell.
776 644 892 724 Reperta
908 646 947 704 eli

26 716 142 778 idversus
155 739 216 776 eam
235 717 282 776 illa
295 720 379 775 'coitio
401 724 472 775 inter
491 715 650 789 sacerdotes,
668 737 698 774 ut
711 735 823 810 uterque
835 720 947 780 alteriue

34 795 83 854 libi
95 793 272 853 substitueret.
309 788 342 851 ld
356 813 463 878 quoque
477 815 539 852 curn
551 798 670 851 vetitum
684 790 758 866 effet,
775 815 860 853 ettam
874 816 947 857 novo

26 896 29 925 e
41 862 145 932 fraudis
158 873 200 930 lex
214 868 287 927 elusa
300 868 347 927 eli.
383 866 520 929 Adversus
566 888 636 928 trem
647 869 773 950 litigator
784 867 949 952 supponitur,

26 969 81 1029 igar
95 947 144 1006 libi
158 954 186 1005 in
208 942 236 1002 id
248 943 428 1004 sacerdotium
443 951 480 1018 jus
493 891 563 1005 capp
591 946 667 1004 Dum
687 965 765 1026 pater
777 969 838 1005 cum
852 945 950 1029 suppo.

26 1024 157 1106 cophanta
172 1020 314 1081 umbratili
327 1040 416 1101 pugna
430 1023 570 1093 velitatur,
588 1019 657 1079 filius
669 1041 685 1078 a
702 1021 831 1082 Pontifite
844 1027 950 1086 Roma-

26 1103 170 1159 ,erdotium
189 1100 269 1176 petit,
287 1094 306 1153 sr
321 1104 410 1156 neutri
423 1101 592 1177 litigantium
606 1103 634 1155 in
647 1097 714 1155 illud
726 1098 758 1156 lit
768 1103 806 1172 jus
814 1116 825 1168 ;
844 1120 950 1161 utrum.

26 1181 168 1258 :igrtorem
182 1175 317 1233 volentem
338 1194 368 1231 ac
383 1177 523 1233 cedentem
545 1175 618 1245 ultro
630 1179 716 1232 vincit
742 1175 771 1232 dt
785 1196 897 1256 patemo
908 1177 951 1238 st·

27 1262 52 1313 io
73 1274 120 1335 per
142 1267 282 1333 paternam
305 1256 560 1328 praevaricationem
584 1256 687 1330 potitur
708 1217 788 1312 llius.
824 1254 909 1314 Vides
920 1257 950 1314 in

26 1351 57 1393 ne
70 1347 137 1411 quot
149 1325 276 1386 fraudum
288 1345 386 1411 genera
400 1327 459 1387 sunt
479 1331 597 1385 inventa.
632 1339 670 1386 Μ.
688 1327 786 1387 Video.
823 1339 853 1388 B.
871 1334 951 1391 Non·

27 1400 139 1485 {legum
150 1406 249 1463 latores
262 1400 308 1461 hic
319 1401 425 1482 prorsus
438 1405 512 1463 idem
526 1401 613 1461 facere
626 1405 754 1461 videntur
770 1406 845 1487 quod
862 1408 951 1466 medi·

26 1529 30 1539 .
52 1503 115 1540 curn
139 1481 290 1561 eruptiones
311 1482 431 1559 pituitae,
447 1500 495 1539 aut
508 1480 616 1537 alterius
630 1477 754 1537 humoris
765 1483 852 1550 noxii,
868 1483 952 1542 adhi-

27 1558 146 1640 nplaliro
163 1552 333 1637 compescere
345 1558 476 1628 nituntur,
493 1555 592 1613 humor
604 1575 657 1613 uno
672 1554 806 1614 inhibitus
817 1555 878 1615 loco
891 1561 952 1639 plu-

28 1634 107 1693 fimul
127 1637 232 1691 exitum
244 1634 362 1714 quaerit3
381 1653 421 1705 ac,
434 1630 545 1692 veluth
568 1632 617 1689 dra
638 1632 777 1715 quaedam,
793 1648 847 1691 uno
866 1634 951 1695 reciso

34 1711 120 1768 multa
134 1706 297 1768 renascentia
311 1706 438 1787 profert?
476 1722 513 1767 M.
562 1708 611 1765 ihil
626 1707 746 1766 suniiiur.

27 1787 101 1845 XVI.
117 1796 146 1844 B.
165 1784 252 1863 Qrod
263 1787 372 1842 medico
385 1782 473 1842 fuerat
485 1786 566 1842 initio
581 1781 746 1856 faciendum,
764 1801 796 1841 ut
815 1800 904 1843 totum
918 1780 952 1845 fi·

27 1883 98 1941 rrpur
119 1865 206 1920 noxii
219 1859 379 1917 humoribus
391 1861 503 1932 levaret,
520 1881 607 1919 nonne
630 1864 705 1919 idem
728 1860 777 1917 hoc
790 1861 848 1920 loco
861 1863 952 1925 civilia

27 1960 53 1995 us
70 1939 156 1994 facere
168 1936 258 2005 debet,
276 1955 305 1993 ut
317 1938 457 1995 civitatem
469 1932 620 1994 universim
637 1936 707 1996 leuet
717 1937 797 1995 malis
808 1936 930 1996 moribus
941 1943 953 1995 l

27 2037 81 2084 am,
98 2013 146 2070 etii
160 2011 308 2083 difficilem,
326 2029 418 2070 tamen
432 2031 525 2072 veram
539 2010 591 2071 else
610 2031 672 2072 reor
683 2015 796 2073 curandi
808 2019 955 2075 rationem·

44 2091 96 2148 hoc
120 2090 138 2148 li
165 2089 282 2147 obtineri
304 2105 396 2169 queat,
441 2086 654 2147 aucir'arbitror
675 2110 741 2168 opus
764 2088 816 2147 else
838 2091 954 2169 legibus.

27 2190 33 2224 ι
48 2163 166 2248 prorsum
180 2186 220 2223 res
234 2162 324 2237 habet.
362 2173 391 2221 Β.
440 2186 490 2222 anc
503 2166 671 2222 medicinam
683 2169 731 2247 qui
750 2165 881 2224 adbibere
902 2187 955 2247 po.

30 2246 118 2302 nonne
132 2242 184 2299 tibi
197 2242 305 2300 videtur
326 2234 395 2297 solus
415 2239 473 2319 plur
492 2242 522 2297 in
543 2241 679 2321 pubiicum
697 2240 852 2315 collaturus,
868 2264 953 2324 quam

27 2323 166 2378 {omnium
187 2319 325 2377 Ordinum
344 2334 487 2374 conventus
507 2317 542 2375 ad
556 2318 652 2395 legum'
663 2322 833 2396 rogationem
845 2321 954 2378 coadlii

27 2418 90 2477 inge
114 2395 173 2475 plur
188 2394 278 2474 procul
292 2391 387 2451 dubio.
425 2392 488 2464 Sed,
507 2408 536 2450 ut
556 2392 666 2451 Comici
687 2392 777 2451 verbis
799 2413 871 2467 utar,
887 2403 954 2481 με

27 2491 105 2533 cram
117 2487 200 2548 potens
211 2495 269 2533 cum
283 2485 354 2531 tanto
367 2472 493 2528 munere?
530 2479 561 2529 Β.
580 2466 661 2546 Qud
682 2467 702 2527 si
716 2467 763 2527 has
778 2490 866 2548 partes
880 2475 954 2550 Regi

27 2553 119 2606 :musi
157 2562 195 2608 Μ.
215 2547 318 2628 Lepide
332 2542 470 2636 profesio:
492 2564 553 2627 quae
565 2564 648 2626 prona
662 2564 739 2603 erant
756 2545 784 2604 u
799 2543 903 2617 sarcilia,
920 2568 953 2605 ea

27 2649 34 2680 ›
48 2623 171 2683 universo
184 2621 358 2688 commilill13
373 2619 392 2678 ii
404 2622 471 2704 quid
483 2622 598 2679 arduum
609 2620 645 2678 eli
657 2621 686 2680 &
695 2621 828 2700 asperum,
840 2624 869 2680 id
881 2626 954 2705 Regi

41 2700 91 2759 soli
104 2698 257 2772 mandabis,
274 2718 408 2779 tanquam
421 2717 475 2758 non
487 2694 550 2754 satis
562 2695 662 2755 habear
682 2716 744 2754 curn
759 2698 870 2756 vinculis
888 2720 956 2757 con·

32 2800 58 2834 m
83 2794 125 2834 tot
148 2774 266 2834 claustris
286 2774 456 2840 circundare,
473 2776 502 2828 ni
525 2792 591 2831 onus
611 2770 811 2852 gravissimum,
827 2768 875 2831 sub
898 2796 954 2856 quo

45 2849 212 2918 succumbat,
231 2855 366 2929 imponar.
402 2857 432 2911 Β.
450 2850 515 2907 Non
537 2848 575 2905 eli
599 2850 649 2919 ita,
665 2845 710 2905 sed
723 2867 782 2906 rem
794 2848 829 2907 ab
842 2870 875 2907 eo
887 2847 956 2908 faci·

27 2949 74 2986 non
98 2925 295 2998 contendimus,
313 2925 358 2983 sed
372 2941 402 2980 ut
413 2925 521 2982 exorari
533 2921 560 2982 st
574 2921 641 2982 sinat
659 2944 775 2983 oramus.
813 2938 850 2984 M.
868 2922 953 3007 Qid

30 3007 93 3062 dem
108 3003 165 3062 elii
204 3013 233 3062 Β.
253 3004 295 3061 Ut
307 3000 399 3085 quales
420 3018 510 3079 patrer
523 3019 587 3081 erga
599 2999 703 3057 liberor
714 2999 766 3058 eli'e
781 2999 880 3059 debere
891 3024 955 3062 cen·

28 3082 104 3138 niem
129 3077 230 3147 seerna
243 3083 342 3152 rivet(
365 3096 411 3133 uot
433 3076 582 3135 liberorum
603 3074 663 3136 loco
685 3074 788 3137 habere
809 3079 905 3152 debet)
924 3083 955 3139 in

28 3162 83 3216 vita
97 3152 123 3213 se
136 3156 249 3237 praestet.
286 3167 324 3215 Μ.
376 3154 422 3210 uid
435 3152 504 3211 istud
517 3154 553 3210 acl
566 3172 624 3210 rem
636 3156 648 3209 i

28 3235 121 3292 xvn.
138 3243 168 3294 Β.
185 3234 253 3291 Haec
272 3227 394 3310 profesio
416 3249 479 3302 una,
495 3246 567 3287 certe
584 3227 699 3302 summa,
716 3226 847 3287 adversus
866 3249 956 3288 moret

28 3308 127 3443 ptospli
140 3310 285 3367 medicina.
321 3306 375 3382 Αἰ,
392 3323 426 3364 ne
438 3325 532 3365 meum
544 3323 619 3387 putet
631 3303 685 3364 hoc
696 3324 882 3371 commentum
893 3305 956 3382 effe,

28 3389 82 3448 ,lau
104 3390 216 3445 ianurn:

76 3474 113 3525 Tu
123 3469 217 3532 civem,
232 3471 383 3541 patremque
388 3476 495 3535 gerare,
503 3470 534 3531 tri
545 3457 641 3532 conficit
652 3456 759 3530 curilis,

75 3551 130 3602 Mn
141 3539 208 3601 tibi:
228 3552 330 3596 nectua
341 3553 366 3596 te
379 3547 508 3605 moveam,
517 3535 567 3607 sed
572 3533 672 3610 publica
683 3549 753 3592 uota.

77 3630 109 3678 In
120 3614 334 3692 communejttber
344 3616 371 3694 fi
383 3614 455 3690 quid,
471 3610 597 3689 censrsque
608 3611 753 3683 niumm,

73 3699 177 3754 Primus
189 3693 257 3768 luffa
268 3690 335 3766 subi.
372 3699 439 3751 runc
449 3688 615 3762 observantior
626 3693 690 3767 equi

76 3777 117 3830 air
126 3772 239 3845 populus,
257 3789 300 3826 nec
311 3768 380 3843 ferre
392 3779 479 3841 negat,
495 3785 553 3824 tum
565 3764 658 3823 uiderit
669 3762 754 3842 ipsunt

75 3848 209 3906 Aridiorem
221 3856 307 3918 parere
318 3840 379 3922 fibi.
414 3846 574 3916 componitur
583 3839 648 3899 orbit

78 3927 156 3998 Regis
168 3923 204 3980 ad
213 3922 366 3995 exemplum.
403 3929 454 3978 Nic
464 3917 504 3996 fic
519 3918 646 4000 lnfleilere
654 3912 745 3992 sensit!

79 4009 213 4058 Humanis
225 3998 308 4056 edilia
320 3998 419 4063 ualent,
435 4006 466 4053 ui
477 3998 537 4052 uita
547 3999 665 4070 regentis.

80 4073 169 4136 anille
182 4089 302 4137 muitetur
312 4073 606 4222 smtptitctssmlhintipt
614 4071 726 4151 vaituh
801 4078 805 4083 '
910 4135 1001 4197 Μ
1020 4116 1037 4231 ⁴
