2316 4416
125 443 377 543 nunu)
434 431 779 544 acoron.
958 471 987 566 5

35 586 63 639 :is
74 585 205 663 Imponat.
242 591 272 642 Β.
290 577 416 640 Habesne
429 581 466 640 al'
486 601 550 640 uam
561 585 593 642 in
604 585 699 641 animo
718 579 883 660 descriptam
900 583 989 663 Regis

35 660 138 738 'yranni
150 662 325 742 imaginem?
344 660 429 732 Nam,
446 655 467 716 fi
505 659 579 732 abes,
595 679 697 740 magno
709 657 802 717 labore
815 677 860 716 me
872 657 989 719 levabis.

35 738 85 814 ego
113 735 225 808 rofeilo,
240 732 333 792 utrius
346 754 378 792 ue
389 754 472 818 quam
482 733 599 794 babeam
612 739 642 793 in
659 739 753 794 anim
764 737 926 816 imaginem,
943 732 989 793 fa·

35 833 69 893 po
91 832 136 871 em
156 811 310 890 explicare:
326 754 373 870 sed
387 830 493 885 vereor,
509 832 542 870 ea
562 831 596 870 ne
615 811 648 870 fit
659 811 789 892 impolita
807 811 837 870 ἃ
849 809 988 871 informis.
1005 813 1007 820 ’

35 907 76 961 ue,
92 909 137 961 ne,
155 891 222 947 dum
245 907 276 944 tu
297 909 343 947 me
364 885 472 961 refutes,
488 887 598 970 longior
617 888 773 947 instituatur
792 892 892 961 oratio,
909 888 988 947 malo

35 984 81 1038 rt,
91 966 157 1049 quid
181 984 213 1022 tu
235 962 345 1038 sentias,
359 969 409 1047 qui
425 964 454 1023 de
474 965 596 1025 aetate&
609 985 701 1023 rerum
713 963 762 1023 usu
785 967 861 1046 prior
873 985 900 1024 es
909 981 918 1032 3
936 985 987 1024 nee

35 1062 89 1098 um
101 1042 185 1099 modo
195 1038 337 1100 sententias
348 1058 451 1115 teneas,
466 1039 513 1101 sei
525 1039 583 1122 ipse
596 1048 681 1102 mmm
694 1041 886 1102 multorum&
897 1060 995 1107 mores

35 1119 90 1176 rbes
100 1120 214 1177 videris.

35 1196 91 1252 'IIL
106 1205 135 1254 Β.
155 1195 216 1275 Ego
225 1212 291 1254 vero
302 1194 332 1252 id
346 1191 459 1266 fatiam,
476 1213 507 1252 ac
517 1193 615 1267 libens,
630 1213 717 1279 neque
728 1210 786 1253 tam
800 1215 892 1254 meam
903 1214 990 1277 quam

35 1290 95 1329 rum
107 1268 269 1328 sententiam
283 1270 440 1350 explicabo;
477 1290 512 1327 uo
534 1275 623 1347 major
644 1270 677 1328 fit
693 1272 841 1330 aussoritas
858 1274 992 1346 orationi,

35 1369 77 1407 uae
90 1367 144 1405 non
157 1350 287 1427 temporis
299 1343 384 1406 mussa
403 1289 517 1405 conddia
531 1345 579 1419 fit,
595 1344 641 1404 sed
655 1367 689 1405 ex
702 1367 800 1406 eorum
813 1350 991 1426 opinionibus

35 1444 95 1560 epta,
111 1426 172 1508 qui,
187 1445 248 1482 cum
261 1441 337 1482 extra
351 1421 509 1503 praesenrem
519 1421 731 1482 controversam
743 1420 857 1496 fuerint,
872 1444 927 1483 non
936 1428 991 1482 mi·

59 1499 137 1559 iserte
157 1520 240 1584 quam
263 1499 381 1558 breviter
400 1495 476 1558 suum
497 1501 629 1575 judicium
650 1499 829 1580 protulerunt,
847 1497 993 1575 fine-odio,

49 1575 218 1652 savore„aue
235 1578 350 1648 invidia,
366 1597 485 1658 quorum
505 1575 601 1635 cauffae
620 1575 713 1656 procul
734 1577 770 1635 ab
789 1576 845 1634 illis
863 1576 994 1637 aberanre

35 1656 123 1738 unque
145 1650 310 1732 potiliimum
332 1649 471 1711 sententiis
493 1670 564 1725 utar,
582 1671 636 1710 non
658 1656 706 1736 qui
726 1655 756 1710 in
769 1653 874 1711 umbris
890 1652 920 1712 ἃ
932 1657 1002 1713 otio.

35 1727 182 1803 senuerunt,
197 1726 244 1788 sed
264 1733 311 1813 qui
332 1729 409 1786 domi
422 1723 542 1811 forisque
555 1733 586 1786 in
598 1729 755 1789 ciuitatibus
766 1731 833 1787 bene
843 1729 998 1790 constitutis

35 1826 79 1867 ute
90 1806 119 1866 ἃ
131 1804 242 1866 consilio
254 1806 409 1865 floruerunt.
445 1805 510 1877 Sed,
525 1803 681 1889 priusquam
695 1826 740 1864 eos
758 1806 896 1884 proferam
908 1807 996 1882 telles,

35 1906 60 1943 :a
74 1904 107 1943 ex
121 1901 148 1940 te
160 1885 299 1966 exquirere
313 1881 389 1955 volo,
407 1898 447 1953 ut,
463 1902 525 1940 cum
547 1886 577 1940 in
598 1883 676 1940 rebus
698 1881 875 1965 quibusdam,
892 1903 939 1942 nec
955 1886 994 1942 iis

35 1965 95 2040 guis,
112 1957 333 2030 consenserimus,
350 1977 406 2016 non
429 1957 462 2015 stt
474 1955 544 2015 mihi
563 1956 666 2016 necesse
678 1958 713 2016 de
725 1957 801 2018 cursu
812 1959 934 2019 instituto
953 1962 999 2018 di·

35 2038 70 2108 li,
87 2035 116 2094 de
135 2039 165 2093 in
178 2035 330 2117 perspicuis,
348 2033 438 2115 &pro
481 2037 565 2106 notis,
581 2035 624 2094 vel
644 2055 676 2091 ex
699 2035 826 2108 licandis,
841 2037 885 2095 vel
896 2034 997 2095 confir·

35 2115 101 2185 ndis,
126 2114 280 2170 immorari.
316 2121 353 2169 M.
370 2112 413 2170 Ita
434 2052 590 2170 saeuiendum
612 2134 627 2170 c
673 2131 722 2170 eo:
741 2133 785 2184 ac,
812 2109 832 2170 sr
855 2113 923 2196 quid
944 2119 1001 2185 vis,

35 2211 58 2248 a.
94 2199 123 2248 Β.
141 2184 264 2261 Putasne,
281 2202 387 2267 ternpus
409 2187 551 2270 quoddam
573 2184 661 2261 fuisse,
679 2208 743 2246 eum
763 2188 888 2247 homines
906 2192 938 2246 in
955 2207 1001 2246 tu·

35 2269 65 2324 iis
78 2284 158 2348 atque
171 2268 254 2322 eriam
268 2266 356 2320 antris
367 2262 523 2323 habitarent
531 2277 542 2330 3
559 2262 665 2336 ac,iine
678 2264 794 2345 legibus,
803 2262 857 2323 stne
868 2268 948 2324 certis
957 2263 999 2323 se·

35 2363 77 2416 us,
109 2341 214 2399 alantes
233 2343 422 2420 vagarentur?
438 2358 726 2424 congregarenturque,
744 2360 827 2421 prout
847 2341 892 2402 uel
913 2344 1002 2400 animi

35 2363 206 2491 do'serebat,
222 2415 266 2475 vel
286 2415 469 2477 commoditas
492 2416 584 2501 aliqua
609 2417 767 2501 utilitasque
785 2423 938 2478 communis
957 2436 1007 2478 eos
1037 2448 1038 2451 ¹

35 2494 171 2555 tiliabati
202 2505 241 2553 M.
256 2493 319 2575 Ego
339 2514 405 2553 vero
417 2493 588 2567 illuderedo,
606 2517 669 2555 cum
688 2493 722 2553 fit
740 2495 769 2553 ὃ(
781 2497 877 2554 ordini
895 2513 1001 2554 naturae

35 2572 201 2642 sentaneum,
219 2570 248 2629 dt
260 2570 387 2630 omnibus
417 2591 481 2653 rope
492 2575 620 2630 omnium
634 2576 757 2662 gentium
770 2568 890 2630 historiis
907 2569 1002 2628 testifi-

35 2669 85 2706 rm.
121 2647 187 2723 Ejus
209 2651 285 2720 vitae,
302 2647 375 2705 rudis
394 2594 554 2721 drincultae,
571 2647 809 2725 Trojanisetiam
826 2647 1006 2730 temporibus,

35 2726 129 2797 iitilia,
146 2720 273 2783 describit
285 2727 434 2804 imaginem
447 2727 601 2786 Homerus:

121 2812 173 2862 Nec
184 2803 245 2878 sora
259 2803 368 2861 conciliis
379 2803 494 2878 fervent,
511 2801 666 2878 autiudicat
685 2813 791 2863 tantm

121 2884 204 2938 Antra
214 2881 296 2938 solunt
308 2876 447 2954 umbrosa:
466 2881 530 2937 altis
541 2882 569 2936 in
581 2876 709 2939 montibus
721 2879 783 2937 edet

121 2957 236 3040 Quisque
246 2955 314 3030 suas
325 2960 401 3033 regit,
418 2975 520 3014 uxorem
533 2952 671 3035 natosque3
689 2974 732 3014 nec
742 2957 793 3016 ulli

123 3044 156 3092 ln
166 3052 299 3092 commune
311 3045 390 3091 uacat
400 3032 485 3107 socias
496 3033 626 3093 estendere
636 3050 733 3091 curas(

35 3102 99 3164 ilem
122 3111 208 3178 eriam
228 3107 409 3186 temporibus,
426 3108 507 3166 Italia
527 3104 617 3164 nihilo
629 3107 729 3165 cultior
747 3099 825 3164 fuisse
838 3103 951 3181 dieitur,
967 3115 1011 3181 ut,

35 3181 208 3245 fertilissimis
221 3202 306 3265 prope
316 3187 399 3245 totius
411 3185 486 3243 orbis
499 3182 666 3264 regionibus,
682 3179 763 3241 facile
775 3179 808 3240 fit
820 3184 1006 3260 conjedluram

35 3280 87 3331 ere,
103 3279 204 3342 quanta
221 3279 278 3319 tum
292 3258 409 3318 solitudo
418 3258 447 3318 dt
457 3261 565 3320 vastitas
578 3264 607 3318 in
618 3259 787 3318 citerioribus
798 3257 890 3320 fuerit.

35 3335 78 3394 [Χ.
96 3347 126 3395 Β.
144 3338 249 3394 Utrum
269 3356 335 3396 vero
356 3334 494 3396 existimas
512 3354 617 3395 naturae
629 3338 719 3417 magis
736 3333 953 3410 consentaneum,
968 3338 1014 3395 vi-

35 3433 84 3471 nne
96 3413 174 3472 illam
194 3434 293 3492 vagam
313 3411 342 3471 ἃ
357 3411 519 3485 solitariam,
535 3433 571 3471 an
583 3413 697 3471 concilia
710 3407 849 3498 certusque
862 3412 1013 3485 homiuum

35 3490 157 3548 »cordesi
195 3501 232 3550 Μ.
248 3489 344 3548 Certus
356 3487 501 3547 hominum
515 3489 720 3569 proculdubio:
738 3509 809 3572 quos

131 3568 405 3658 ·······³Ps⁴‚“¹²'l¹'5‘f¹r
427 3568 484 3651 'usti
492 3579 565 3647 prope
576 3582 662 3653 metet
669 3562 708 3629 ὃ·
719 3573 797 3649 eqni,

35 3662 114 3701 mum
127 3662 311 3722 congregavit,
329 3664 382 3717 ac)
418 3662 440 3702 st
584 3688 587 3695 -

128 3723 336 3781 communicare
346 3722 428 3801 pigna
441 3720 514 3792 ruba,
531 3721 657 3800 definisse
667 3721 758 3796 iisdem

128 3798 256 3868 ratribus,
273 3813 352 3878 arque
363 3819 418 3859 una
427 3810 560 3876 portamur
572 3803 645 3859 clave
657 3804 744 3858 unam.

43 3871 148 4004 Qpidl
165 3893 196 3933 tu
209 3876 359 3933 utilitatem
373 3878 490 3954 primam
504 3895 534 3931 ac
543 3870 681 3934 summam
692 3871 902 3933 conciliatricem
921 3870 1017 3933 botni-

36 3970 63 4004 m
91 3947 156 4008 uisse
167 3952 330 4010 arbitraris!
367 3964 406 4011 Μ.
423 3949 556 4085 (ὶίὲάηἰῑ
574 3955 622 4036 qui
634 3951 776 4008 bominum
789 3948 875 4011 caussa
889 3949 1017 4011 homines

39 4023 76 4081 ise
97 4045 237 4102 generatos
259 4029 395 4086 audierim
408 4047 442 4085 ex
494 4030 612 4088 minibus
632 4027 797 4087 doetiffiuris.
832 4039 862 4089 Β.
879 4030 1020 4101 Mamm

35 4099 124 4165 neno
140 4106 255 4170 untur
271 4103 436 4192 qubusdam
459 4104 571 4183 usuras
588 4103 698 4173 suut
716 4105 852 4185 ummo
866 4091 1071 4256 ³⁰⁹ssst
