2316 4416
391 540 524 632 Liber
548 486 755 636 Sec'indm
1041 572 1092 659 53

72 672 104 731 in
119 670 227 753 Anglos
248 670 414 731 adventitios
434 688 610 753 competeret,
628 694 713 757 quam
725 677 755 733 in
768 690 824 745 eos,
840 676 890 757 qui
903 688 1010 805 propser
1022 677 1096 733 anti-

72 738 208 832 quitatem
229 749 367 829 indigenae
390 748 485 806 multis
500 766 624 805 veterum
644 747 704 809 sunt
721 752 829 808 crediti.
864 749 933 822 Aut,
963 748 1018 808 lab
1032 750 1093 807 An·

64 826 125 907 'glis
136 830 177 884 eit
187 822 343 905 impolitum
357 820 421 896 fuit,
437 845 485 883 cur
496 826 581 883 Scotis
593 822 623 881 ἃ
635 826 717 885 riuis
727 829 757 885 id
770 846 872 884 nomen
881 845 936 883 non
946 826 1092 899 dederunt,

71 904 122 985 qui
132 902 235 961 rebilus
244 919 328 994 quam
340 902 477 959 Brittones
485 903 524 958 itu
532 906 626 959 vocari
637 920 772 983 poterant,
789 921 819 960 ιιι
829 898 987 991 quibuscum
1002 904 1091 961 rario-

69 998 102 1035 ra
112 994 279 1041 commercia
291 976 321 1035 dt
333 980 468 1035 minorem
489 972 565 1035 usum
578 975 735 1037 habebanti
752 980 810 1037 Aut
824 984 843 1039 li
855 978 942 1057 Angli
953 995 1011 1039 tam
1025 998 1090 1035 cun·

68 1052 216 1115 tumelioso
237 1056 350 1111 nomine
366 1052 462 1111 Vallos
484 1050 629 1128 notassent,
644 1076 710 1113 num
723 1058 808 1115 aiam
821 1053 870 1139 ipss
883 1056 1030 1125 Brittones,
1044 1072 1090 1111 roe

65 1126 165 1191 sectilis
184 1130 338 1223 Anglorum
350 1126 438 1186 hostes
448 1126 616 1202 infestiffiml,
634 1132 664 1189 dt
683 1150 753 1189 nunc
769 1136 855 1191 etiam
867 1134 958 1213 magis
975 1132 1090 1191 obnoxii

90 1226 157 1265 tram
179 1212 273 1277 amici,
290 1206 318 1263 icl
330 1223 458 1263 nomena
478 1200 635 1263 noluerent?
651 1210 726 1291 quod
738 1209 853 1289 quidem
867 1227 921 1265 non
940 1210 1025 1265 inviti
1043 1206 1089 1267 fa-

66 1300 156 1357 tiunt,
170 1279 296 1363 amipli
308 1278 354 1367 sua
366 1226 642 1375 lingual'eCumbrus
655 1284 801 1369 appellent.
835 1282 926 1370 Qicl,
963 1284 1017 1341 uod
1030 1302 1088 1343 vox

68 1362 227 1433 Wntserr,
254 1378 309 1417 non
330 1358 487 1439 lrmpltciter
503 1356 650 1417 Germanis
673 1364 847 1443 peregrinum
872 1366 891 1417 lt
911 1304 1012 1429 micet,
1039 1376 1091 1417 aut

69 1434 239 1501 barbarum
256 1432 408 1506 sedetiam,
424 1433 554 1513 priore&
566 1456 615 1516 pro
634 1437 676 1492 rio
687 1440 776 1519 magis
787 1436 880 1495 intelle
916 1458 935 1507 ι,
951 1436 1063 1495 Gallum
1075 1437 1089 1492 i

67 1512 169 1596 Inque
177 1524 234 1571 uuir
244 1510 351 1583 Vallia,
365 1528 395 1567 ut
407 1529 460 1603 ego
472 1509 584 1603 quidem
610 1514 695 1587 entio,
714 1536 729 1571 a
740 1514 824 1572 verbo
832 1510 925 1573 Gallia
936 1512 973 1571 ell
984 1518 1087 1569 iinmu-

65 1604 128 1647 tata
138 1588 175 1648 ab
192 1586 304 1681 Anglis,
318 1582 543 1645 consentientibus
555 1588 670 1671 quidem
690 1591 724 1647 de
737 1592 849 1647 nomine
859 1608 922 1649 cum
931 1592 1035 1647 eaeteris'
1044 1592 1089 1647 vi-

63 1666 136 1725 'einis
148 1665 312 1736 nationibus,
328 1660 376 1721 sed
388 1659 528 1721 observata
540 1681 631 1723 tatnen
652 1669 814 1749 proprietate
825 1666 923 1749 lingue
937 1664 1088 1725 Germani·

62 1756 116 1814 en,
134 1744 164 1800 in
182 1744 271 1821 prima
284 1740 365 1799 litera
375 1739 552 1811 enuncianda,
570 1740 680 1799 Wallia.
717 1743 908 1800 veterescente
919 1746 973 1818 ejus
990 1746 1086 1823 penin-

60 1812 133 1881 ωε
153 1817 255 1877 incolas
271 1816 371 1875 Silures
392 1838 408 1875 a
460 1815 573 1887 llabant,
590 1833 620 1873 ut
632 1835 741 1898 apparet
759 1836 793 1876 ex
814 1816 920 1877 Plinio:
959 1818 1014 1874 uod
1034 1836 1088 1874 no-

64 1896 266 1975 neninparte
275 1894 397 1977 quadam
436 1892 507 1950 allie
528 1891 576 1948 diu
588 1900 658 1974 apud
671 1894 788 1973 posteros
799 1890 908 1952 resedit.
973 1892 1086 1951 elandus

64 1990 173 2047 autern,
225 1988 289 2029 nere
304 1970 458 2041 Britannus,
475 1972 504 2027 in
517 1962 570 2026 suar
588 1976 676 2049 gentis
687 1970 886 2053 antiquioribus
898 1973 1086 2029 monumentis

65 1990 238 2131 proferendis
259 2044 344 2105 lromo
366 2067 382 2106 a
401 2046 490 2127 prime
509 2044 637 2125 diligens,
653 2044 881 2107 affirmatVallira
939 2064 1010 2103 rtem
1033 2044 1086 2103 ali-

61 2140 64 2145 ·
87 2120 312 2185 nandoieofliam
321 2068 401 2183 fluidi

93 2222 171 2261 erum
193 2202 317 2260 nationes
335 2204 494 2293 propinque
517 2198 646 2256 videntur
665 2216 765 2257 nomen
787 2203 816 2258 in
840 2198 978 2282 loquendo
1029 2200 1084 2257 tius

60 2276 211 2361 issurpaffi,
229 2275 303 2359 quod
315 2294 404 2356 gentis
414 2277 558 2354 originem,
576 2294 660 2355 quam
672 2276 747 2356 quod
760 2279 878 2357 regionis
889 2274 968 2334 litum
1025 2272 1087 2329 for·

62 2376 144 2422 mam
166 2350 372 2415 demonstraret.
408 2352 488 2409 Idem
510 2370 619 2443 quoque
640 2354 670 2407 in
692 2352 833 2409 Scotorum
853 2356 964 2411 nomine
983 2350 1020 2407 est
1040 2346 1084 2406 fa·

65 2432 151 2491 ilum.
189 2430 265 2491 Nam
274 2448 335 2487 curn
350 2432 358 2484 i
380 2423 438 2485 srfe
457 2426 584 2499 Albinus,
601 2429 711 2483 numine
723 2428 758 2484 ab
771 2428 857 2485 Albio
869 2428 1016 2498 declinato,
1029 2446 1084 2483 oo·

63 2526 136 2578 tent,
153 2509 239 2565 vicini
251 2521 344 2561 tamen
417 2525 447 2563 os
459 2522 504 2561 eos
516 2521 677 2584 nuncupant,
693 2524 748 2585 quo
767 2509 877 2563 nomine
894 2508 973 2585 origo
984 2523 1081 2561 eorum

64 2585 101 2643 ab
111 2582 242 2641 Hibernis
254 2579 414 2638 declaratur.
450 2578 578 2658 Sequitur
591 2585 619 2636 in
630 2579 728 2636 eodem
738 2578 832 2651 latere,
849 2581 879 2639 &
898 2581 992 2637 littore
1010 2582 1083 2636 occi-

65 2658 183 2731 dentali,
196 2654 355 2717 Galloridia
367 2682 373 2715 :
391 2676 476 2737 quam
488 2674 583 2714 vocem
595 2656 624 2714 ἃ
635 2656 719 2713 scotis
730 2654 759 2713 di
771 2656 860 2715 Vallis
873 2654 985 2715 Gallum
1000 2652 1083 2734 ligni·

63 2734 147 2797 ficare
168 2732 208 2793 eli
275 2730 402 2815 spicuum,
420 2747 450 2787 ut
461 2736 504 2789 cui
514 2732 596 2807 alteri
617 2753 632 2790 a
646 2728 748 2803 Gallo,
764 2732 872 2790 alteria
886 2733 968 2791 Vallo
980 2750 1080 2789 nomen

65 2812 175 2871 dedere.
237 2808 285 2868 alli
296 2812 371 2866 enim
386 2806 605 2869 Wallowithiam
618 2826 679 2865 eam
692 2808 837 2891 appellant.
872 2809 912 2868 Ea
926 2827 1026 2889 magna
1046 2826 1082 2865 ets

62 2908 141 2982 ,me
188 2906 241 3022 'll‘¹
253 2882 624 3029 llbinititiritliiriilttiiibbes,
639 2973 729 3015 toturn
749 2960 896 3018 Britanniae
908 2958 986 3031 lutus,
1003 2957 1082 3039 quod

62 3039 100 3097 ad
114 3040 276 3099 Hiberniam
295 3040 396 3107 vetuit,
410 3054 518 3094 tenent:
536 3056 584 3095 nec
596 3033 666 3090 leuia
682 3036 791 3107 indicia,
807 3032 852 3093 secl
866 3038 969 3117 penitus
983 3033 1080 3093 inullis

64 3134 144 3175 notas
155 3115 256 3176 Gallici
276 3104 407 3171 sermonis
425 3112 635 3193 &cognationis
648 3108 866 3170 adhuci'ersant.
901 3110 972 3170 lll'ucl
986 3132 1078 3169 nutem

63 3196 212 3329 {iiiiii
248 3185 1079 3335 „iiiii‘’‘lili’li‘ililbiililliibiill‘

64 3343 118 3403 five
139 3312 247 3413 (iarn,
264 3330 398 3423 appellant
406 3285 438 3406 iu
434 3338 484 3397 ltoc
497 3338 543 3411 eli,
560 3343 604 3413 (ιιι
615 3358 667 3415 epo
680 3339 790 3415 quidem
805 3306 989 3421 interpretor)
1007 3306 1077 3397 cris

61 3422 152 3495 lrcos,
167 3420 197 3481 di
208 3420 312 3479 Gallos.
347 3418 432 3475 Porro
443 3414 558 3475 Gaiiuci
575 3414 716 3487 vocabulo,
734 3417 763 3473 id
777 3416 824 3491 eli,
840 3414 888 3475 Gn
896 3438 947 3489 ru,
967 3415 1015 3497 ipfi
1028 3414 1078 3473 iiii

60 3496 184 3580 placent:
201 3494 330 3577 suamque
339 3499 386 3569 (ut
397 3492 472 3563 dixi)
489 3492 612 3572 linguam
627 3490 776 3549 Gallaecam
788 3512 894 3553 vocant.
911 3492 1079 3575 caquevelut

61 3581 152 3647 magis
163 3572 234 3633 culta
246 3571 411 3651 &elegante
423 3569 593 3649 gloriantur:
611 3566 740 3649 reliquos,
757 3566 809 3628 hoc
821 3570 868 3641 eli,
881 3569 985 3642 Gallos,
1003 3568 1077 3627 velut

61 3649 192 3712 barbaros
213 3664 267 3731 pra
288 3644 315 3705 le
335 3660 525 3705 contemnunt:
543 3642 571 3700 dt
590 3662 748 3726 quanquam
762 3646 796 3703 ab
811 3649 891 3703 initio
903 3646 985 3713 ScntI,
1002 3646 1078 3703 Brit-

59 3738 146 3803 eones,
162 3726 215 3785 ltoc
226 3726 272 3798 ell,
290 3719 474 3782 vetustissimos
487 3718 578 3779 insstlu
591 3718 714 3791 cultores,
733 3716 827 3781 Gallos
842 3722 1017 3803 appellarent,
1033 3739 1076 3779 ta-

63 3822 125 3863 rnen
147 3800 311 3863 confitetudn
331 3798 461 3881 loquendi
483 3794 623 3879 paullatim
643 3795 772 3867 obtinuit,
790 3815 821 3855 ut
833 3819 925 3857 omncs
943 3804 1076 3871 nationes,

63 3898 122 3961 quae
144 3878 272 3963 pnllrrius
290 3872 363 3933 sedes
386 3877 416 3931 in
434 3874 573 3932 Britannia
592 3869 765 3944 eolloearunt,
781 3871 975 3933 contumeliosi.»
988 3880 1076 3956 potius

61 3974 142 4017 utum
165 3952 306 4035 gentilitio
325 3954 447 4020 nomine,
464 3952 502 4007 itt
514 3946 702 4037 compellent„
719 3948 781 4007 Vox
794 3954 867 4009 enim
882 3948 1010 4023 Gutta,
1027 3968 1075 4009 aut

62 4030 105 4091 Gr
114 4052 168 4104 u),
186 4050 244 4089 non
264 4028 302 4086 cll
320 4032 410 4086 minus
422 4026 494 4095 apiitl
507 4045 552 4083 em
565 4022 724 4100 lignilicans,
741 4046 827 4107 quam
838 4028 910 4110 apud
922 4026 1030 4087 Graems
1045 4028 1073 4085 ὅ(

61 4105 335 4181 lactrocinium,
349 4102 419 4189 apud
433 4100 586 4165 Germanos
597 4100 755 4165 writer,

509 4176 537 4239 E
553 4194 578 4262 3
785 4208 789 4213 ·
902 4182 1098 4265 mxim-

411 2138 547 2192 uocatam,
565 2136 625 2203 que
637 2140 693 2179 vox
701 2122 785 2179 Scotis
797 2118 896 2205 petiins
916 2143 962 2181 am
974 2121 1085 2179 indicat.
