2316 4416
260 496 392 586 Liber
417 498 614 589 Decimus
622 500 804 616 Quintus.
955 528 1010 614 45

27 620 75 679 lio
89 616 198 688 inloto,
216 619 258 672 rei
274 638 309 699 ag
329 621 466 680 rediendae
480 620 584 703 lignum
599 618 791 714 exspeilabant.
829 617 900 677 Cum
914 614 964 674 hac
979 641 1041 676 mn-

27 719 52 753 ru
66 713 173 751 tantum
186 690 288 755 facinus
301 640 378 755 obire
391 696 426 754 cst
439 694 526 770 ausus,
543 702 572 755 in
585 700 686 776 oppido
696 697 775 779 pleno
788 696 995 777 propinquorum
1008 694 1038 751 bt

27 775 155 830 lientium
166 768 329 829 Casdinalis.
367 774 454 831 Erant
465 791 535 845 tum,
552 790 583 829 ut
604 778 632 831 in
646 772 700 831 illis
713 772 877 852 regionibus,
896 790 957 827 vere
970 792 1039 850 pru-

27 850 104 929 ipiti‚
121 847 178 904 dies
191 846 346 926 longill'tmi,
364 870 426 906 nem
485 853 591 907 circiter
612 850 684 907 Maii
703 850 811 909 Nonas:
833 846 862 904 dt
881 846 1039 905 Casilinulis

30 943 106 983 rctm
128 919 214 993 stram,
232 928 261 981 in
283 925 358 984 usum
384 926 460 999 beli,
477 925 689 995 communiebat,
715 943 790 983 tanta
810 921 991 996 festinatione,
1008 939 1038 977 ut

27 1020 98 1089 ‚roffi
118 999 173 1056 diti
192 998 299 1058 nodiem
312 1006 340 1059 in
353 1023 433 1082 opere
445 1006 622 1059 continuaret.
659 1002 757 1081 Igitur,
775 1021 835 1056 curn
855 999 982 1071 diluculo,
1000 999 1036 1054 acl

27 1076 351 1159 pansintromittcndas,
368 1081 518 1160 aperiretur
566 1096 619 1149 rta,
636 1079 791 1136 Notmanus
817 1096 832 1132 e
856 1072 908 1132 suis
933 1078 962 1132 in
988 1073 1039 1129 ‹lo-

27 1150 142 1212 tdncula
154 1155 306 1233 propinqua
328 1156 395 1213 duos
406 1100 565 1236 praemillbpso
566 1157 594 1210 in
616 1151 889 1223 inlitliiscollncnrat,
909 1168 947 1220 ut,
966 1153 1034 1221 jani-

27 1250 75 1287 ore
94 1227 181 1285 abeis
199 1229 400 1309 comprehenlb‚
418 1248 502 1312 portae
514 1247 661 1310 compotes,
683 1228 800 1307 lignum,
817 1230 891 1309 quod
904 1247 1036 1285 convenc-

27 1324 68 1377 at,
85 1306 189 1363 caeteris
203 1304 305 1363 durent.
344 1308 416 1366 Hoc'
434 1308 503 1379 silo,
523 1302 576 1362 iin'e
589 1305 707 1362 tumultu
722 1325 814 1361 omncs
833 1301 952 1383 ingrelli,
969 1324 1037 1384 qua·

27 1400 78 1439 uor
90 1398 105 1436 t
116 1377 168 1437 suis
183 1379 324 1454 miserunt,
342 1389 388 1465 qui
427 1382 558 1441 ardinalis
571 1381 668 1439 ollium
682 1379 863 1451 observsrent,
881 1400 914 1436 ne
949 1386 987 1438 uis
999 1379 1036 1437 ad

27 1478 76 1515 um
91 1460 200 1513 nuncius
212 1454 323 1537 perferri
336 1456 436 1539 posset:
455 1461 504 1517 alii
521 1460 590 1517 eirea
611 1457 729 1515 aliorum
749 1457 869 1514 cubicula
889 1401 968 1529 milr,
986 1460 1036 1535 qui
1086 1461 1089 1467 '

27 1536 159 1591 ruminum
172 1531 201 1589 &
220 1533 338 1591 locorum
359 1536 457 1592 notitia
478 1533 553 1607 freti,
570 1533 707 1591 ministros
727 1534 890 1590 nominatim
912 1537 1037 1590 excitent.

27 1612 70 1667 ἶος
82 1628 144 1683 tum
163 1606 336 1667 semibmnes
357 1608 499 1691 sigillatim
520 1608 679 1682 evocassent,
697 1628 815 1667 mortem
828 1607 993 1690 praesentem,
1013 1606 1034 1665 fi

27 1682 159 1768 piisquam
174 1687 296 1758 mutiret,
311 1687 481 1761 comminati,
499 1704 575 1745 extra
588 1707 677 1744 arcem
692 1686 835 1745 inviolatos
849 1683 903 1743 line
914 1683 1035 1741 tumultu

29 1763 173 1819 ,iuuerunt
210 1762 252 1819 lta
272 1766 375 1821 caeteris
392 1762 493 1839 ejtdlis,
508 1784 569 1821 cum
591 1760 641 1827 soli
660 1783 720 1821 arce
739 1765 899 1843 potirentur,
917 1768 963 1841 qui
985 1760 1036 1817 ob-

27 1834 304 1913 idebantCatdinal'ts
316 1837 424 1912 ostium,
440 1858 498 1897 tum
513 1840 625 1897 demum
638 1836 751 1918 pollent.
787 1841 901 1915 Rogati,
918 1842 1032 1919 quinam

27 1910 113 1984 ll'ent,
128 1930 189 1970 turn
207 1911 251 1971 sua
270 1919 381 1975 nomina
401 1912 558 1985 etlidill'ent,
576 1912 722 1973 intromiss'r
742 1910 907 1995 (promill'a,
924 1930 953 1969 nt
971 1916 1035 1990 qui-

27 1992 81 2049 lam
101 1986 161 2047 sum
184 1988 313 2065 auiiorts,
338 1992 556 2065 incolumitatt,)
572 1988 666 2049 multis
687 2011 749 2048 eum
772 1988 926 2048 vulneribus
948 1984 1035 2044 eonfi-

27 2070 97 2124 iunt.

52 2137 133 2197 XLI.
149 2140 254 2197 Interea
273 2161 368 2201 rumor
390 2140 583 2219 deareenrpta
596 2160 644 2220 per
663 2156 752 2211 totam
775 2138 868 2196 urbem
892 2136 1035 2217 spargitur.

27 2214 174 2275 :ardinalis
195 2219 289 2287 amici,
304 2213 399 2274 lbmno
410 2217 439 2273 dt
450 2218 557 2297 empula
570 2217 701 2297 languidi,
718 2214 770 2274 sest
791 2216 862 2272 lente
883 2215 1034 2271 moliuntur

48 2290 136 2362 leeris,
153 2289 182 2348 u
203 2289 376 2363 tumultuose,
394 2292 440 2351 Ad
461 2314 552 2365 arma,
567 2311 701 2365 vocantes,
718 2295 753 2351 nd
772 2312 862 2361 arcem
885 2306 1034 2357 acetrnunr,

27 2390 75 2433 um
89 2372 195 2445 mugnis
208 2370 290 2424 minis
303 2367 331 2425 dt
341 2368 485 2427 verbortun
494 2368 679 2428 contumeliis:
696 2366 777 2427 stulas
789 2365 904 2447 poscunt,
923 2366 952 2423 dt
968 2366 1035 2437 alia,

27 2464 76 2527 [ιιι
94 2458 172 2501 erant
182 2443 217 2500 :ul
230 2444 622 2525 oppugnationemneeeffaria,
637 2458 816 2526 comportant.
854 2440 914 2521 Oui
928 2462 959 2499 ex
974 2461 1034 2499 arce

27 2514 106 2580 rates
130 2518 247 2599 (labant,
264 2536 295 2576 ut
304 2518 473 2602 repentinum
484 2520 561 2580 illum
573 2526 729 2580 animorum
741 2526 871 2599 impetum
882 2518 1032 2599 paullulum
1057 2535 1061 2543 ·

27 2614 92 2655 etun
114 2614 198 2667 trent,
215 2596 244 2653 ἃ
264 2596 299 2655 ad
319 2594 467 2679 respedlum
484 2598 525 2657 sui
544 2597 662 2656 fluentes
674 2612 838 2666 revocarent,
854 2594 1034 2664 conclamant,

27 2669 152 2730 'Frustra
168 2690 213 2730 tos
224 2672 396 2747 tumultuari,
412 2674 441 2735 dt
460 2686 569 2735 mortuo
585 2672 674 2735 setam
692 2682 771 2754 opem
791 2668 860 2729 serre
870 2695 877 2726 ι
887 2673 904 2693 ”
923 2672 958 2727 lit
971 2692 1032 2727 cum

27 2746 91 2806 litio
104 2747 217 2803 cadaver
229 2752 414 2807 exanimatum
428 2750 510 2808 oculis
522 2755 644 2809 omnium
657 2768 802 2831 exponunt,
820 2749 846 2801 in
860 2745 907 2813 illo
919 2744 975 2827 ipli)
991 2744 1032 2803 ln.

27 2846 57 2896 n,
74 2823 144 2878 unde
156 2824 164 2877 i
183 2820 218 2893 se,
236 2842 290 2879 non
303 2823 391 2881 multo
404 2844 475 2898 ante,
495 2824 609 2906 Georgii
618 2824 794 2906 Sophocardii
804 2820 959 2901 suplicium
972 2838 1032 2877 tim

27 2919 93 2960 uetur
112 2844 285 2978 spedavttat.
320 2900 378 2957 Nec
399 2896 506 2959 subibat
526 2905 611 2961 modo
631 2905 734 2960 animos
748 2918 837 2959 rerum
851 2844 1032 2955 bumanarum

27 2973 201 3043 nconliantia,
218 2974 245 3032 ὅ(
266 2971 457 3055 inexspedlatus
470 2995 592 3049 eventus,
608 2976 654 3036 sed
667 2978 761 3035 multis
779 2974 932 3033 occurrebat
945 2972 1034 3030 Geor-

27 3056 55 3127 gii
70 3051 117 3108 illa
130 3052 165 3107 dt
177 3050 250 3107 illius
263 3067 350 3109 morte
362 3051 514 3131 praedidiio,
532 3054 617 3125 multa¹
640 3074 672 3110 ue
695 3054 761 3125 alia,
778 3067 838 3133 quse
861 3048 1036 3108 fianelill'rmut

27 3133 59 3189 ir
77 3127 135 3198 ille,
151 3146 205 3183 non
220 3125 273 3185 lint
286 3128 404 3201 divino(
418 3146 447 3186 ut
457 3128 587 3191 credibile
600 3074 637 3187 td
649 3130 661 3199 )
673 3128 787 3207 Spiritus
801 3128 901 3199 affiatu,
919 3144 1035 3191 ventura

27 3222 223 3275 rraemonuerat,
234 3223 264 3261 ut
275 3204 349 3261 brevi
363 3203 462 3263 secutus
474 3208 560 3263 exitus
572 3226 633 3265 tom
653 3206 771 3263 cubavit.
798 3203 954 3261 cardinalis
966 3204 1035 3259 ami-

30 3286 40 3340 i
61 3280 91 3338 dc
110 3282 265 3364 propinqui,
281 3280 316 3338 ad
330 3281 382 3341 huc
399 3277 563 3363 insperatum
582 3226 759 3364 spedatulum
779 3284 902 3353 attoniti,
915 3280 1037 3337 celeriter

27 3354 195 3437 untdilapli.
532 3388 535 3393 ·
912 3356 915 3361 ’
1030 3420 1033 3427 Ι

55 3430 146 3491 XLll.
166 3436 208 3490 Re
220 3452 267 3512 per
280 3452 372 3491 omnes
383 3438 459 3513 regni
471 3450 558 3515 partes
567 3432 722 3507 divulgata,
739 3428 859 3490 diversius
870 3435 1037 3497 animorum,

27 3510 66 3567 rr‘o
79 3507 200 3584 cujuspue
213 3530 277 3582 erga
290 3531 352 3568 eum
367 3531 461 3569 amore
473 3508 518 3569 vel
532 3510 608 3581 odio,
625 3506 679 3566 fuit
691 3527 796 3566 motus:
816 3506 877 3567 aliie
888 3504 1038 3586 pulcherri-

27 3606 106 3653 num,
124 3586 188 3642 aliis
207 3586 339 3645 nefarium
359 3587 461 3645 fucinus
481 3585 704 3645 existimantibus.
741 3584 825 3642 Multi
836 3586 920 3653 enim,
937 3582 972 3637 ob
994 3581 1034 3634 cli-

27 3658 126 3719 'ersom
140 3661 280 3741 religionis
289 3663 402 3732 cultum,
419 3666 484 3720 vito:
496 3659 550 3721 suu
562 3661 596 3720 ab
610 3682 642 3719 eo
655 3654 813 3731 metuente't,
830 3680 883 3717 nnn
905 3662 980 3740 proci
1000 3655 1036 3711 ub

30 3741 202 3811 trogantiam
224 3736 424 3796 intolerabilem
444 3736 548 3809 offenfi,
573 3758 627 3797 non
647 3736 736 3795 solum
756 3734 858 3797 riuum
883 3734 1040 3818 probarunt,

27 3814 62 3871 id
82 3810 290 3891 &gratulatum
303 3814 338 3873 ad
352 3814 487 3875 libertatis
515 3814 611 3875 ublitae
623 3812 745 3874 nudiores
756 3830 902 3873 venerunt:
920 3810 1038 3892 quidam

27 3894 103 3949 *tiam
114 3893 200 3947 vitam
212 3885 386 3971 fortunasque
397 3892 458 3949 cu'm
472 3835 527 3949 illis
538 3895 740 3963 conjunxerunt.
778 3888 850 3946 Aula
862 3885 1038 3947 vehementer

27 3963 146 4039 serculsa,
164 3964 193 4023 ὅ(
211 3967 285 4025 uelut
295 3964 401 4025 confilii
413 3965 453 4025 sui
464 3984 541 4048 porte
553 3966 712 4039 orbata,·dt
724 3962 853 4023 sententia
866 3982 971 4033 eorum,
991 3965 1040 4040 qui

27 4045 143 4113 ulerunt,
160 4044 240 4101 caedis
252 4042 405 4104 arctioribus
418 4045 591 4117 denunciant,
607 4064 639 4103 ut
651 4049 725 4102 intra
737 4040 847 4101 sextum
857 4042 940 4098 diem
948 4034 1059 4101 terrm,

27 4120 178 4181 &vadibus
189 4118 436 4195 dariscavtant,se
459 4125 532 4181 intra
552 4122 644 4201 diem,
661 4125 715 4209 qui
737 4123 778 4181 eis
798 4120 1017 4179 nominaretur,
1035 4105 1079 4156 ab

441 4196 553 4287 (Ψ
973 4171 1108 4241 “mim

91 4278 108 4314 Ι
