2316 4416
10 39 220 69 ,ιη-η’·

350 87 482 178 Lr'bes·
509 89 751 177 Undecimus.
1005 121 1080 201 317

50 216 74 245 “
96 209 144 266 illa
165 209 250 266 ctiam
264 210 353 266 :cratis
379 203 542 261 infirmitate
558 208 750 282 punitentiam
770 223 820 282 pro
842 205 993 263 innocentia
1008 209 1081 285 poll'c

48 292 74 321 “
96 289 150 343 acci
176 290 192 342 i.
871 294 873 299 ’

66 373 70 379 ’
98 304 189 419 XVlI.
208 359 260 416 His
281 356 311 415 &
325 354 458 414 sunIlIbus
479 351 659 426 sermonibus,
675 374 736 411 curn
749 353 872 414 benevoli
894 359 979 413 animi
996 353 1080 417 fidem

52 433 173 509 fecisset,
190 432 388 493 adolescentem
406 430 609 513 Edimburgum
618 430 742 513 pellexit,
758 443 816 491 una'
826 451 888 489 utne
900 433 1010 491 Doride
1024 430 1083 491 fra-

12 522 20 573 ”.
53 532 115 585 tre,
130 512 257 571 omnium
269 511 408 569 <libiorum
418 505 608 591 sudorumque
621 502 737 567 constio.
752 504 911 581 Comiribtu
926 511 981 583 ejus
992 513 1023 567 in
1035 514 1084 568 iti·

11 610 29 649 .·
52 607 126 649 nere
138 582 465 666 nonnullamsuspicionit
473 580 600 643 fraudem
612 588 759 661 injecerant
766 582 869 644 crebre
877 582 913 643 ab
923 583 1083 645 Alexandro

20 718 23 723 .
54 666 179 757 Prorege
192 661 387 734 miffitationes,
404 661 433 720 ἃ
450 661 485 719 ad
499 654 603 743 singula
622 682 673 743 pro
722 678 864 720 momenta
873 661 1083 722 intercursantrt

10 740 13 745 ’
38 746 166 821 ‘nuncin
185 740 374 821 blandiorque,
392 737 661 818 quamprornore&
683 738 951 820 oeoqucrntenebat,
968 738 1084 798 Cancel-

10 832 12 837 '
56 818 127 876 sarii
140 819 237 875 oratio.
276 817 344 891 llaec
362 834 425 872 cum
440 810 539 871 secreto
556 833 697 871 murmure
710 832 799 873 totum
830 832 925 893 rupea
973 834 1006 871 en
1018 816 1084 873 slte-

56 894 152 1004 perer,
168 890 347 977 nonnullique
366 889 507 949 Comitem
524 887 637 948 liberius
656 890 758 949 admon
780 893 786 905 '
809 907 871 957 ent;
890 891 908 923 “
955 909 976 964 t,
994 888 1082 971 sripsc

72 973 81 1003 ‘
95 970 126 1048 in
138 964 277 1051 proposito
289 966 428 1051 perstaret,
443 964 690 1049 saltempavidem
699 964 816 1025 fratrem
828 969 995 1026 remitteret:
1015 988 1082 1026 neve

56 1047 82 1080 ⁸
94 1056 185 1103 rotam
202 1042 341 1104 familiam
353 1043 441 1122 (quod
459 1043 491 1103 bt
502 1058 580 1124 pater
591 1045 711 1101 moriens
723 1042 915 1121 admotrueras)
931 1038 978 1101 sub
997 1064 1081 1103 unum

58 1124 82 1156 “
95 1116 315 1191 fortunaeillurit
336 1120 450 1179 dates”.
480 1120 590 1181 huenen
611 1136 678 1181 aetas
696 1122 792 1177 amicis
812 1121 895 1193 irata,
944 1121 1084 1181 rvocales

61 1192 201 1271 homines,
217 1195 292 1265 velut
303 1196 439 1279 preconio
487 1212 637 1256 ttotuma
688 1214 722 1279 eu
743 1196 888 1276 edito,¹da
926 1194 1021 1256 eslinos
1039 1196 1084 1257 su-

59 1272 230 1347 surroscom
266 1269 348 1333 scuit:
368 1212 520 1354 amicsdue
539 1216 696 1353 respoodls·
717 1268 859 1333 “,Sesatis
871 1268 951 1347 scite,
968 1292 1084 1354 magna-

22 1358 25 1363 ’
58 1352 82 1384 “
97 1370 159 1407 rum
171 1346 241 1409 farm
252 1351 342 1408 iarum
354 1368 527 1407 communem
536 1346 609 1407 hanc
619 1347 671 1406 esse
680 1344 791 1429 pellem,
808 1366 838 1406 ut
847 1344 952 1430 l'emper
964 1347 1083 1409 habeant

59 1428 83 1460 “
96 1426 224 1484 homiues
236 1429 290 1484 otii
303 1428 485 1505 impatientes,
502 1423 601 1508 quibus
616 1424 694 1483 lucro
707 1420 759 1481 lint
768 1442 949 1517 patronorum
961 1428 1083 1506 pericula

59 1505 84 1575 ‘‚‘
98 1502 129 1562 dt
141 1500 257 1560 miseriae
269 1525 276 1562 r
293 1522 349 1573 eor,
367 1504 433 1585 quia
444 1502 475 1559 in
493 1521 558 1583 pace
570 1500 663 1581 legum
673 1499 787 1561 vinculis
798 1500 918 1560 constrin
953 1520 1026 1576 ntur,
1043 1503 1084 1562 se-

59 1579 85 1612 “
98 1579 237 1637 ditionum
249 1576 303 1639 else
313 1575 445 1648 audieret,
461 1597 518 1671 spuo
527 1574 644 1637 turbarit
654 1575 733 1635 rebus
744 1575 854 1637 liberius
941 1596 1036 1636 utrurr
1054 1577 1082 1641 se

60 1654 189 1749 “magis
210 1652 295 1725 fidere
315 1652 524 1712 cancellarii&
539 1650 697 1734 Protegiss
764 1670 800 1712 tre
867 1597 981 1722 bbbtiae,
995 1674 1082 1737 quam

12 1740 39 1769 ’τ
60 1731 84 1763 “
97 1725 287 1789 seditiolbrum
298 1728 686 1789 temeritati&vecordiaecne
705 1728 777 1787 ere.'.'
836 1748 875 1789 rec
887 1750 950 1789 cum
962 1730 1084 1804 dixisset,

63 1810 98 1863 ire
117 1804 284 1867 l'ennonibus
304 1803 494 1883 hujuscemodi
512 1800 682 1864 occasionem
703 1805 876 1887 praecideret,
898 1826 948 1887 pro
981 1813 1084 1868 santius

63 1902 154 1977 quam
167 1903 218 1964 pso
234 1885 341 1955 itinere,
358 1877 558 1939 cumfratre&
587 1882 660 1939 aucis
670 1882 823 1942 amicorum
832 1884 949 1974 pritteipn'
968 1902 997 1941 ur
1009 1883 1082 1943 reesa

63 1978 98 2017 tn
107 1978 199 2019 arcem
214 1978 263 2039 per
283 1965 324 2026 it;
342 1953 520 2017 &velutfato
529 1898 667 2030 trabeate,
683 1959 713 2015 in
725 1954 837 2019 insidias
846 1963 1017 2018 inimicorum
1029 1956 1082 2019 sest

62 2038 231 2173 precipitat
263 1979 301 2094 In
315 2029 371 2113 ipso
391 2036 524 2168 temporit
535 2032 659 2106 articulo,
675 2033 776 2093 Prorex
787 2036 844 2108 (uti
854 2037 1029 2107 convenerat)
1040 2035 1084 2095 af-

80 2132 99 2169 u

100 2115 141 2179 it;
161 2128 190 2169 ut
201 2108 447 2170 communiconsen
461 2130 530 2169 uses
538 2127 673 2189 ageretur,
689 2114 794 2169 nertin
806 2131 890 2170 unum
900 2129 986 2171 tantae
997 2114 1084 2173 moles

64 2189 189 2248 invidiae
211 2187 390 2247 incumberet.
423 2186 470 2245 Du
489 2184 574 2246 lassus
595 2183 747 2246 liberaliter
763 2184 796 2245 dt
811 2189 897 2245 amice
908 2208 1037 2268 accepnrr,
1054 2190 1084 2248 &

65 2261 171 2324 mensor
178 2265 277 2346 Regiae
288 2259 428 2323 adhibitus
440 2258 504 2323 furt.
537 2262 642 2321 Verum
654 2260 817 2343 procedente
828 2265 963 2336 convivio,
983 2269 1084 2323 armari

64 2335 427 2403 inermemcircutnfislcmt3
443 2336 474 2396 dr
484 2340 625 2397 eaurInurn
635 2358 665 2397 ca
687 2356 718 2395 ut
735 2336 1023 2417 (eaillisremporibus
1033 2340 1086 2398 res-

64 2418 128 2479 sera
147 2416 230 2476 cadis
247 2413 331 2488 αις)
348 2417 375 2472 ei
392 2434 408 2471 a
430 2430 543 2491 ponunt.
579 2412 622 2473 Eo
638 2357 698 2474 viso
709 2414 832 2475 turbatus
844 2412 1006 2489 adolescens,
1021 2438 1083 2474 cum

26 2498 31 2507 '
65 2492 213 2575 exsurgere
232 2507 386 2560 conaretur,
402 2430 438 2546 ab
459 2490 572 2548 armatis
589 2484 808 2570 comprehensus,
825 2488 855 2550 &
874 2492 904 2548 in
923 2512 1015 2551 aream
1028 2497 1088 2551 arci

10 2600 20 2643 ‚·
65 2572 166 2657 propin
187 2588 250 2627 uam
266 2565 386 2637 edusius,
402 2584 497 2643 graves
514 2567 722 2647 intemperantis
739 2564 925 2625 adolescentiae
938 2588 1029 2649 prnsus
1041 2591 1087 2627 ca-

10 2662 19 2723 f:
67 2650 128 2730 pite
141 2591 201 2716 lust,
218 2662 270 2703 una
280 2663 341 2702 curn
351 2641 459 2699 Davtde
469 2639 564 2713 fratte,
577 2640 607 2700 dt
620 2641 799 2700 Miltolumbo
808 2642 956 2716 Flammio,
968 2649 1013 2702 tui
1026 2667 1088 2703 nra-

10 2724 31 2779 r'
68 2728 159 2795 xima,
174 2718 319 2781 secundum
331 2715 455 2790 fratrem,
471 2717 546 2796 apud
559 2735 622 2774 eum
635 2734 695 2776 etat
707 2717 782 2777 fides.
819 2719 924 2778 Eorum
944 2723 1012 2779 caedi
1030 2726 1088 2782 Re-

68 2818 148 2885 gem,
162 2800 219 2870 jam
239 2794 448 2855 adolescentem
462 2789 619 2873 Ingrell'urn,
636 2790 819 2873 illacrymasse
830 2790 929 2867 fenne,
945 2796 1089 2859 Cancella·

68 2880 118 2937 rio
129 2878 249 2953 graviter
260 2874 415 2949 increpante
427 2874 483 2944 ejus
501 2868 717 2950 intempestivum
730 2875 760 2929 In
773 2889 862 2928 morte
873 2870 966 2931 lroslili
981 2873 1088 2947 fletum,

73 2971 131 3037 qno
145 2948 219 3006 holle
231 2951 294 3006 viro
305 2947 379 3004 nulla
393 2964 434 3002 rra
473 2945 598 3003 uillitatis
647 2945 724 3005 blieae
735 2946 791 3029 spes
800 2942 899 3006 finisset.
958 2972 961 2981 ·

10 3014 52 3051 ⁸'
77 3044 81 3049 ·
113 3026 222 3084 XVIII.
242 3022 385 3082 Gulielmo
399 3021 454 3079 fine
478 3021 587 3079 iberitd
616 3019 832 3095 oretanensis
844 3026 874 3082 in
885 3025 926 3098 jus
935 3021 1091 3084 Comitatus

73 3098 200 3177 (seudum
214 3104 299 3173 enirn,
309 3117 339 3156 ut
351 3100 418 3174 iuris
429 3100 513 3176 periti
523 3097 682 3179 loquuntur,
689 3097 868 3159 masculinum
881 3097 1091 3181 eratljacobus,

73 3175 188 3236 Crassus
205 3195 238 3234 ex
254 3176 519 3255 recognominatus:
537 3173 712 3257 inseliquum
723 3178 928 3255 patrimonium,
944 3175 1091 3257 quoderat

71 3250 249 3325 Immensum,
265 3248 342 3310 soror
355 3253 433 3308 unica
443 3250 565 3321 beatrix,
579 3248 669 3309 forma
682 3254 756 3326 inter
767 3252 884 3344 aequales
893 3253 1004 3310 eximia.
1025 3253 1091 3311 Fuit

31 3372 37 3385 .
70 3329 122 3389 nic
132 3327 248 3409 Jacobus
261 3324 380 3398 Crassus,
397 3322 446 3385 e'tst
457 3328 500 3384 vir
512 3328 627 3385 mIniruc
638 3328 736 3399 malus,
753 3328 940 3387 nihnonirnr
951 3348 1034 3409 quarn
1046 3324 1091 3385 su-

70 3408 192 3489 periores
202 3403 306 3461 Invisus
316 3402 364 3460 vul
385 3424 412 3475 o,
430 3400 460 3460 dt
472 3404 544 3483 Regi
555 3400 696 3484 suspensis,
734 3406 789 3463 uod
800 3403 925 3463 homines
940 3403 1092 3462 latrociniis

10 3496 41 3549 1
68 3480 191 3542 :assuetos
204 3476 251 3538 sib
266 3422 417 3574 Dupladiae
428 3474 608 3557 superioribus
617 3424 781 3553 Comiribus,
797 3478 846 3538 etsr
857 3500 910 3537 non
922 3479 1017 3550 aleret,
1034 3501 1092 3538 non

71 3574 169 3617 tamen
185 3552 250 3613 fitis
268 3573 367 3614 acrster
384 3558 564 3635 reprimeret:
581 3551 627 3613 sed
639 3576 714 3613 mors
727 3560 799 3614 intra
811 3557 950 3621 biennium
960 3552 1094 3616 subtraxit

10 3658 24 3703 a
70 3646 139 3692 eum
154 3630 280 3691 invidiae.
317 3632 392 3689 Huic
411 3649 428 3687 e
447 3628 547 3711 septem
560 3625 625 3689 finis
644 3628 800 3691 Gulielmus
811 3651 877 3691 natu
890 3634 1025 3691 maximus
1038 3629 1096 3692 suc-

70 3704 155 3771 cels.
192 3708 220 3774 lr
239 3709 323 3772 arira
345 3711 475 3791 potentin
494 3706 621 3845 mubmd
638 3722 668 3763 ut
679 3705 857 3772 famulamur
868 3707 1110 3796 pelll'mumteb't·

643 3801 660 3867 3
752 3797 756 3805 ·
1026 3798 1131 3841 tuttet
