2316 4416
157 443 288 535 Liber
314 448 557 539 Undecimus.
809 482 887 563 337

33 564 148 646 Anglica
161 566 240 637 missi,
256 567 387 627 auxilium
398 565 525 627 adversus
535 566 683 625 Hentieum
693 566 800 644 Regem
808 564 887 627 suum

31 647 162 702 thrictu
183 651 268 717 enim,
284 640 370 722 spreta
391 643 555 716 Nobilitate,
571 661 658 699 ttovos
674 638 799 701 hemines
810 662 889 699 exto-

29 742 80 777 ·um
93 719 258 792 detorsisse,
275 739 343 776 uxor
363 722 428 790 ejus,
445 719 529 779 virilis
545 720 632 775 anitni
644 714 769 788 fiumina,
787 720 883 777 cuneta

29 797 83 853 bat.
120 797 241 853 Auxerat
260 798 345 852 etiam
356 797 440 875 Regis
451 796 525 868 apud
539 790 599 853 suos
608 810 783 865 contemtum,
799 792 829 851 δ(
843 794 887 853 sa-

42 876 97 945 eius
115 875 260 943 invidiam,
278 892 319 927 res
331 873 359 927 in
370 871 522 953 Aquitania
533 870 562 928 &
578 871 733 927 Normania
746 870 819 927 male
837 890 887 949 ge-

30 951 144 1005 ovinciis
163 947 271 1018 amissis,
287 949 405 1027 antiquis
417 946 510 1005 insulae
521 946 644 1003 terminis
665 942 768 1017 inclusi,
785 942 887 1003 fresne-

29 1044 48 1080 re
60 1027 145 1102 Regis
158 1026 308 1104 ignaviam,
326 1042 412 1103 neque
430 1024 545 1101 Reginae
556 1018 710 1099 superbiam
730 1022 831 1079 diutius
843 1018 887 1080 se-

29 1099 128 1173 Capita
150 1101 342 1175 conjurationis
365 1117 441 1155 erant
462 1117 516 1156 tres
536 1096 670 1156 Richardi
698 1114 798 1173 nempe
820 1098 885 1158 Dux

29 1176 173 1233 {Comites
186 1175 344 1233 Surisburiat
353 1173 383 1231 &
392 1175 513 1233 Varvici.
550 1172 651 1253 Legati
659 1137 757 1252 rlngli,
772 1195 834 1231 cum
848 1175 885 1233 tle

29 1248 123 1323 caussat,
138 1254 328 1325 conjurationis
339 1251 446 1325 opibus,
462 1248 492 1307 δι
513 1242 554 1306 sui
564 1251 647 1329 Regis
659 1250 779 1329 ignavia,
797 1251 885 1309 multa

29 1345 64 1385 tt:
83 1325 207 1385 adversus
227 1346 397 1385 communem
420 1325 534 1397 hostem,
551 1327 581 1381 in
599 1324 676 1383 'bello
698 1328 839 1398 timidum,
855 1330 884 1385 in

29 1404 97 1475 lum,
114 1406 163 1489 qui
176 1400 324 1461 discordias
336 1402 495 1459 domesticas
506 1404 575 1457 inter
585 1401 676 1459 Stotos
688 1400 802 1474 aluisset,
818 1422 885 1461 exu-

44 1477 159 1552 juvisset,
175 1478 310 1535 auxilium
333 1496 436 1552 petunt.
473 1477 596 1535 Vislotia
615 1494 705 1551 parta,
721 1496 793 1535 artes
810 1477 839 1535 &
852 1499 885 1536 a·

29 1552 135 1613 loribus
159 1554 237 1611 bellis
257 1568 361 1627 captos,
382 1550 409 1611 se
431 1552 585 1611 reddituros
643 1552 775 1611 Ilioentur.
810 1556 884 1627 Rex,

33 1626 173 1700 sententia,
190 1627 346 1703 respondit;
363 1630 382 1661 “
393 1630 571 1709 jampridem
604 1648 619 1684 e
640 1630 676 1685 de
698 1626 769 1685 llasu
789 1648 881 1687 rerum

29 1726 77 1761 um
100 1703 218 1763 audisse:
236 1725 323 1787 neque
347 1707 433 1779 partis
455 1702 592 1787 utriusque
614 1708 653 1778 jus
676 1700 725 1759 sibi
739 1705 882 1785 ignotum:

29 1778 63 1839 ili
76 1801 109 1839 ex
122 1778 257 1861 utriusque
270 1783 355 1856 partis
365 1776 507 1851 sententia,
522 1776 643 1845 sealieni
654 1782 732 1911 repul
745 1780 881 1839 arbitrum

64 1854 151 1936 Quod
162 1874 255 1916 autem
268 1857 305 1914 ad
326 1854 429 1915 bellum
441 1862 550 1927 attinet,
567 1852 617 1913 libi
629 1858 683 1927 jam
705 1857 732 1911 iu
745 1860 773 1911 in
785 1860 882 1914 animo

29 1949 157 2005 naporum
169 1932 336 2007 superiorum
355 1929 445 1989 ulcil‘ci
467 1935 594 2007 injurium
613 1936 743 2020 regnique
755 1929 795 1989 sui
815 1932 883 2004 loca,

30 2005 130 2065 sionem
151 2007 346 2065 discordiarum
365 2009 522 2081 intercepta,
539 2026 623 2088 quum
642 2028 698 2081 pute
717 2026 771 2063 non
782 2006 883 2081 posset,

29 2101 156 2157 asperare.
194 2084 235 2141 Ea
249 2081 393 2140 stEboraci
403 2082 477 2153 Dux,
494 2087 596 2163 quique
609 2087 663 2156 ejus
676 2080 775 2140 sesiam
787 2080 883 2165 seque-

29 2158 150 2217 eslitucre
171 2158 356 2232 polliceantur,
373 2156 401 2215 se
422 2156 548 2217 adversus
561 2160 707 2218 llenricum
730 2162 769 2217 tis
780 2161 882 2218 auxilio

29 2312 39 2367 '.
56 2311 89 2367 ln
109 2306 168 2367 hae
184 2328 245 2367 etun
266 2305 356 2367 fuisset
366 2324 535 2380 conventum,
553 2307 653 2389 Legati
664 2308 778 2367 domum
790 2330 882 2369 rever-

29 2405 76 2456 ex,
90 2388 177 2458 copiis
189 2390 302 2458 paratis,
317 2406 378 2443 cum
391 2390 421 2443 in
440 2385 572 2464 Angliam
584 2384 744 2461 ingressurus
757 2382 830 2459 esset,
849 2387 880 2446 fit
946 2384 949 2389 ’

29 2460 130 2537 Anglus
142 2462 282 2535 impostor,
294 2461 328 2520 ab
340 2463 459 2521 chrieo
471 2460 571 2519 missus.
607 2462 643 2531 Is,
663 2463 751 2540 utqui
763 2462 812 2520 dtu
822 2468 882 2521 Ro-

29 2586 31 2597 ,
49 2535 232 2617 Italorumque
250 2558 339 2596 mores
349 2536 539 2597 &sermonem
555 2534 701 2606 didicisset,
717 2534 791 2593 cultu
802 2543 881 2597 omni

29 2632 47 2668 ¹e
60 2617 214 2692 peregrino,
232 2612 325 2672 literis
338 2632 370 2671 ue
388 2610 528 2693 Poptificis
539 2608 672 2682 confisiir,
688 2610 714 2668 se
727 2608 810 2671 facile
828 2615 881 2675 ho·

29 2692 122 2745 linitae
133 2688 240 2745 callidis
252 2706 302 2760 pro
350 2709 431 2769 egato
446 2694 574 2747 Romano
585 2687 701 2761 probat:
718 2687 746 2745 δ(
759 2710 813 2769 quo
825 2700 880 2749 mi-

30 2784 46 2821 a
59 2761 130 2820 fraus
142 2763 217 2833 esset,
234 2764 382 2823 Monachus
394 2770 422 2824 in
436 2784 542 2841 partem
554 2759 655 2821 fabulae
666 2760 817 2837 assumitur,
832 2788 879 2825 eu·
927 2760 934 2767 “

29 2836 191 2895 asanslitate
210 2837 276 2896 fides
297 2835 405 2899 facilius
422 2842 560 2899 accederet
577 2837 738 2913 impollutis.
776 2842 824 2913 Hi,
841 2842 880 2900 atl

29 2914 119 2984 aluisi,
133 2912 269 2971 Pontificis
280 2916 400 2973 Romani
412 2902 523 2975 nimine
534 2933 637 2986 vetant,
648 2934 681 2971 ne
693 2916 803 2977 ulterius
814 2936 880 2991 pro.

33 3016 39 3047 :
59 2992 132 3046 diras
144 2992 314 3062 comminati,
331 2998 487 3064 niparerets
522 2988 708 3048 “Pontificem
720 2996 806 3063 enim,
843 3016 879 3053 uo

29 3069 67 3123 ius
77 3086 219 3124 commune
238 3065 339 3125 bellum
359 3069 389 3123 itt
409 3085 581 3125 communem
600 3065 813 3126 Christianorum
822 3016 880 3128 ito-

29 3160 95 3211 atur,
113 3160 162 3215 per
183 3160 271 3201 totam
290 3143 431 3217 Europam
452 3140 606 3216 compellitis
623 3140 746 3215 dissidiis,
762 3149 791 3201 in
803 3146 833 3203 itl
847 3168 878 3205 u-

29 3217 116 3273 endere
132 3219 270 3277 animum:
287 3216 438 3297 sequidem
452 3213 613 3293 praemissos,
628 3222 677 3299 qui
688 3216 747 3277 huc
758 3238 878 3293 pramo-

29 3292 188 3365 ampliorem
203 3293 244 3351 Le
264 3298 384 3351 ationem
399 3294 562 3369 propediem
574 3312 725 3365 venturam,
740 3316 802 3383 quae
820 3298 878 3355 dis-

29 3367 173 3447 lnglorum
184 3316 276 3427 civilis
290 3369 390 3441 finiret,
405 3370 434 3429 ὃ(
448 3372 533 3428 Scotis
547 3370 581 3426 de
594 3372 707 3445 acceptis
719 3374 823 3445 iniuriis
835 3370 878 3431 st.

29 3463 125 3503 staret:
143 3465 204 3503 eam
217 3443 242 3501 se
255 3448 361 3503 credere
382 3445 563 3523 Legationem
578 3448 606 3502 in
626 3444 717 3504 Gallia
729 3450 784 3519 jam
797 3444 878 3505 esse.”

29 3526 44 3576 ti
57 3518 180 3577 fraudem
195 3522 295 3578 nullam
309 3519 408 3579 subesse
427 3518 603 3593 suspicaretur
613 3523 748 3590 orationi;
767 3526 879 3617 quique,

29 3596 131 3652 cdomi
145 3617 199 3654 non
218 3600 330 3655 omnino
347 3598 512 3679 tranquillis,
528 3596 667 3656 honestam
688 3616 781 3669 pacem
792 3618 879 3659 ettam

29 3692 109 3750 egato
121 3678 222 3743 paruit,
239 3691 320 3754 atquc
332 3680 479 3732 exercitum
492 3669 605 3730 dimisit.
641 3674 696 3730 Vix
710 3695 743 3731 eo
755 3674 879 3749 dimisso,

29 3746 185 3830 quibusdam
200 3751 233 3805 de
251 3748 351 3827 Legati
361 3748 527 3825 supposititii
537 3746 633 3807 fraude
645 3748 810 3823 admonitus,
824 3756 879 3811 itta»

29 3824 193 3882 contrahit:
215 3825 254 3893 ἃ,
271 3831 336 3907 quia
347 3847 409 3885 cum
425 3820 587 3885 lssboracenl't
599 3820 626 3881 se
643 3827 803 3905 conjungere
821 3849 878 3889 non

43 3902 143 3970 Regias
156 3906 225 3957 vires
237 3900 329 3982 aliqua
352 3922 385 3960 ert
410 3920 487 3975 parte
505 3902 652 3971 distinetet,
669 3899 697 3959 &
713 3899 772 3963 suas
789 3908 877 3965 etiam

29 3996 32 4007 ·
52 3977 173 4047 injurias,
191 3974 363 4055 Rosltutgum
381 3977 453 4035 resia
466 3978 557 4035 ducit:
574 3978 709 4047 oppidum
722 3982 816 4055 primo
826 3984 880 4038 ad·

29 4093 40 4127 ,
57 4071 88 4111 ae
101 4052 207 4119 diruit..
224 4052 418 4190 Arcemflmge
429 4051 638 4115 munitissimam
650 4054 900 4192 dumoppmmat,

850 4136 919 4195 ’23ςὶ
