2316 4416
292 451 422 543 Liber
447 454 645 545 Decimus
659 442 830 544 sistitis.
1005 484 1086 569 397

100 576 194 637 XLII.
211 574 265 635 Sed
277 594 307 633 ut
330 574 446 633 adrem
469 576 592 649 redeam,
619 594 749 657 magnam
772 596 805 634 ex
827 574 875 635 illa
889 592 1086 659 pugnatorum

58 654 155 713 &otor
177 652 304 711 Thomas
319 652 568 711 HavartusSurriae
583 652 684 710 Comes
707 652 825 733 gloriam
838 670 1034 728 reportaverat,
1065 650 1086 711 li
1124 721 1127 725 ‚

59 734 204 789 moderate
219 726 296 787 suant
309 722 450 787 fortunam
472 724 582 787 tulisset.
619 730 670 785 Sed
690 726 776 787 horno
795 726 970 789 secusdumm
993 750 1085 791 retum

55 802 174 865 successu
213 804 267 863 tuli
284 804 385 875 ebrias,
401 804 430 862 de
448 804 631 863 instabilitatis
643 804 771 864 humanae
783 816 880 881 partim
899 828 1017 878 memor,
1032 803 1089 863 suis

10 932 21 958 ‚
58 880 354 943 domestitssmInillris
370 887 414 957 (ut
433 880 540 938 mosell
551 880 663 963 Anglis)
679 901 785 953 notam,
803 902 858 965 qua
870 880 1087 963 agnoscerentur,

10 983 26 1037 p
59 964 91 1017 in
106 958 215 1018 sinistris
227 956 344 1017 brachiis
355 954 497 1016 ferendam
511 958 599 1029 dedit,
617 958 724 1015 leonem
737 958 841 1029 album,
857 963 928 1040 (quo
939 956 991 1041 ipse
1001 954 1086 1037 inlig-

10 1049 27 1095 ;“
58 1040 91 1093 ni
102 1035 243 1105 utebatur)
252 1040 300 1115 qui
313 1034 423 1091 rubrum
435 1030 667 1113 superincumbens
680 1034 811 1115 unguibus
821 1034 989 1115 discerperet.
1006 1036 1086 1092 Hanc

60 1116 117 1186 ejus
128 1110 286 1170 insolentem
300 1106 503 1167 insultationem
515 1110 591 1169 velut
604 1116 715 1169 stamine
722 1110 869 1202 plellente,
878 1132 957 1171 nemo
969 1109 1025 1169 sere
1035 1128 1087 1190 po-

10 1197 33 1263 2-
60 1188 192 1245 llerorum
205 1192 262 1263 ejus
274 1185 429 1243 alterutrius
441 1183 526 1261 sexus,
543 1184 597 1245 fine
610 1186 708 1266 insigni
722 1190 872 1267 ignominia
884 1190 927 1245 vel
937 1188 1023 1261 clade,
1036 1188 1087 1244 de·

10 1330 17 1345 ,
59 1262 146 1323 cessat.
180 1266 344 1325 Rexauttm
360 1262 483 1343 lacobus,
501 1283 531 1322 ut
544 1265 623 1321 visus
644 1264 770 1321 omnibus
789 1258 844 1321 fuit
864 1264 1021 1337 carissumus,
1044 1266 1084 1320 ita

10 1354 17 1365 ²
32 1408 37 1419 Ι
59 1344 118 1416 ejus
130 1338 215 1399 amill's
228 1356 335 1397 tanturn
348 1338 475 1397 remansit
487 1340 558 1417 apud
571 1336 720 1421 superstites
732 1336 905 1412 cleliderium,
923 1358 982 1399 tam
996 1344 1085 1413 iracun-

10 1408 32 1468 Ρ
59 1418 99 1477 da
116 1420 145 1475 iu
158 1418 282 1477 omnium
295 1418 394 1473 animis
408 1412 484 1475 haefit
496 1418 660 1487 recordatio,
697 1434 808 1473 uantum
829 1415 926 1473 nullius
939 1414 1017 1475 fuisse
1028 1419 1086 1473 Re·
1110 1444 1121 1461 ·

10 1472 36 1611 'p‘
60 1496 105 1579 gis
118 1512 166 1553 aut
178 1494 364 1564 meminimus,
391 1512 439 1549 aut
451 1492 574 1573 legimus.
612 1438 700 1573 Qud
716 1488 832 1550 evertisse
841 1493 972 1551 credibile
984 1494 1032 1561 eii,
1049 1488 1088 1549 sa-

10 1624 12 1631 .
60 1570 121 1630 mul
131 1572 331 1651 comparatione
345 1568 492 1641 malorum,
509 1586 570 1651 quat
582 1570 625 1627 vel
638 1573 692 1645 ejus
704 1589 818 1651 regnum
849 1566 1023 1641 raecelscrunt,
1040 1566 1085 1625 uel

10 1678 27 1719 -,
58 1644 153 1705 slatitn
162 1642 280 1705 secunua
293 1644 477 1713 videbantur;
497 1646 576 1705 simul
595 1652 730 1704 virtutum
745 1591 935 1727 expressarum,
953 1668 983 1704 ac
995 1647 1086 1703 vitio-

10 1724 20 1759 ·'
58 1740 122 1783 nun
135 1725 219 1781 etiam
268 1720 412 1813 pularium,
429 1743 491 1804 quat
502 1727 636 1781 virtutum
652 1720 783 1779 affinitate
801 1723 923 1803 quadarn
935 1722 1011 1799 vtalgi
1024 1725 1087 1779 ani·

10 1806 25 1839 ·”
59 1818 122 1859 mos
133 1796 212 1857 saellc
224 1743 390 1878 ddrpiunt.‘
406 1800 474 1857 Erat
485 1804 559 1856 enim
576 1820 688 1879 corpore
708 1796 800 1869 firmo,
818 1798 916 1857 statura
935 1796 1011 1871 julla,
1028 1800 1085 1855 oris

10 1858 34 1953 I*
58 1876 197 1956 dignitate
215 1870 328 1945 liunma,
347 1879 457 1953 ingenio
470 1878 584 1957 quidem
597 1874 664 1946 a'csi,
681 1873 806 1932 sedvitio
815 1876 943 1956 temporis
953 1874 987 1933 ab
997 1876 1085 1931 literis

10 1962 18 2036 'h
59 1951 172 2011 inculto.
212 1951 306 2009 Unum
321 1969 336 2006 e
350 1948 452 2010 vetusta
465 1956 554 2032 gemit
570 1949 762 2008 consuetudine
774 1950 862 2008 hausit
874 1951 965 2023 avide,
983 1970 1012 2007 ut
1023 1949 1086 2009 vul·

10 2038 20 2061 Β
57 2046 126 2087 nera
144 2024 316 2087 scientiffirne
328 2028 476 2088 trasiacet:
495 2032 567 2097 eujus
580 2032 618 2084 tei
633 2028 730 2105 pericla
744 2030 796 2083 toti
809 2026 950 2085 Scotorum
970 2022 1085 2085 Nobili-

10 2131 23 2160 .·
56 2109 124 2175 tati,
140 2121 171 2163 ut
182 2102 337 2163 hominibus
350 2111 379 2165 in
392 2110 476 2163 armis
488 2100 590 2162 affialuc
603 2104 766 2174 visentibus,
790 2098 880 2177 suepat
938 2098 994 2159 'scis
1011 2120 1083 2159 tem·

57 2180 171 2263 poribus
186 2183 342 2239 communis.
379 2182 447 2238 Erat
465 2184 491 2237 ei
512 2184 541 2237 in
554 2180 680 2237 acleundo
691 2180 818 2251 facilitas,
835 2180 905 2237 inre
916 2176 1003 2259 ponlis
1015 2178 1085 2236 leni-

28 2298 36 2317 .
57 2274 112 2329 tas,
130 2259 158 2314 in
171 2260 227 2329 jure
240 2256 358 2316 dic-undo
373 2260 498 2337 aequitas,
517 2258 544 2311 in
559 2256 692 2349 suppliciis
703 2256 857 2335 expetendis
870 2256 1034 2328 moderatio,
1051 2270 1083 2311 ut

10 2358 25 2391 ιι
59 2334 97 2393 ad
110 2352 143 2393 ea
157 2336 275 2391 invitum
285 2337 347 2413 cogi
366 2354 459 2391 omnes
478 2329 560 2390 l'aeile
572 2333 840 2397 animadverterent3
859 2332 985 2390 aduersus
997 2328 1086 2388 malc-

10 2416 29 2487 ζ·
57 2410 188 2468 volorum
199 2406 344 2481 sermones,
361 2409 391 2468 ἃ
403 2415 553 2469 amicorum
568 2410 779 2482 admonitiones,
794 2426 872 2467 tanta
884 2410 972 2465 animi
989 2406 1084 2464 altitu-

10 2489 31 2565 ῑ,
47 2487 98 2545 'do
110 2506 143 2545 cx
157 2490 270 2567 optima
280 2485 448 2546 confelentiae
462 2486 672 2570 tranquillitate,
689 2484 718 2544 d(
730 2480 782 2543 suu
801 2486 960 2543 innocentiae
974 2482 1085 2555 fiducia,

10 2595 33 2638 p·
58 2580 151 2636 enata,
170 2583 265 2621 utnon
278 2580 385 2621 tantum
407 2584 461 2620 non
482 2560 690 2634 excandesceret,
707 2558 752 2619 sed
776 2580 824 2619 nec
845 2559 978 2641 asperiore
996 2560 1083 2617 verbo

10 2640 41 2703 ij
60 2660 181 2719 unquam
199 2657 327 2698 uteretur.
364 2642 438 2699 Inter
450 2640 498 2699 lias
511 2646 634 2711 vittutcs,
650 2638 781 2723 quadam
793 2635 976 2716 obrepserunt,
993 2639 1084 2691 nimio

10 2716 28 2755 ·''
59 2715 250 2801 popularitatis
273 2714 371 2783 studio,
398 2720 475 2774 vitia.
513 2718 598 2787 Nam,
626 2718 693 2773 alum
712 2712 952 2771 samamavaritiae
965 2728 1084 2791 paternae

10 2778 27 2856 i·
58 2810 201 2851 conaretur
210 2791 338 2863 effugere,
350 2793 378 2849 dc
391 2792 469 2867 vulgi
483 2797 602 2868 gratiam
615 2786 849 2851 subllrudlionibus
862 2786 1085 2857 sumtuosis,cou·

10 2867 197 2929 L.·.·tiviorurn
216 2866 465 2948 &spectaculorum
485 2886 499 2920 a
521 2886 624 2946 paratu,
654 2869 683 2925 dt
706 2866 862 2922 immodicis
881 2866 1084 2937 donationibus,

10 2935 34 3029 ξ
58 2954 164 3025 captare
181 2962 302 3015 conatur,
321 2948 348 3001 ln
361 2963 423 3001 eam
437 2888 531 2999 incidit
552 2944 683 3023 inopiam,
711 2963 781 3024 quta,
811 2938 947 2999 fidiutius
965 2938 1085 3012 uitiiset,

30 3028 38 3059 ’·
59 3021 204 3081 videbatur
224 3018 390 3101 superiorum
415 3018 571 3099 temporum
595 3022 714 3098 gratiam
736 3018 947 3077 odionovorurn
964 3016 1083 3074 tributo-

14 3098 44 3132 ’ἦ
59 3118 120 3157 rum
134 3098 295 3169 extindlura,
312 3115 341 3153 ut
353 3118 426 3155 mors
440 3097 466 3154 ei
477 3098 566 3177 magis
582 3094 739 3168 commode,
755 3115 841 3177 quam
863 3098 1020 3166 Immature,
1036 3114 1084 3154 ac·

11 3170 153 3305 'cidisse
165 3172 241 3256 possit
253 3172 411 3232 cristianari.

30 3270 45 3305 .·
453 3246 539 3305 CVI.
577 3248 603 3303 R
623 3246 646 3303 Ii
665 3248 699 3303 Χ.

17 3328 26 3336 “
97 3324 210 3385 XLIII.
226 3324 355 3385 Extinllo
365 3322 599 3458 Jacoanparto,
616 3324 769 3402 Margarita
782 3342 852 3381 uxor
863 3340 925 3381 curn
937 3320 1039 3378 duobus
1049 3318 1083 3377 fi-

11 3418 30 3454 ·-
59 3398 274 3473 Iiisrelillaeli,
292 3424 408 3485 quorum
420 3407 508 3471 major
540 3397 897 3480 ienniumnonetplevcsat.
934 3398 1004 3455 Eum
1017 3418 1081 3453 con-

13 3490 21 3497 '
43 3496 152 3537 'ventus
165 3480 321 3549 Procerum,
339 3478 449 3537 Sterlini
461 3476 580 3543 habitus,
597 3474 673 3533 sexto
694 3476 808 3534 Calend.
820 3475 928 3545 Martii,
945 3494 1020 3531 more
1033 3494 1082 3554 pa-

10 3573 41 3625 ·r·
57 3560 124 3625 trio,
135 3560 240 3631 Regem
253 3555 380 3614 declarat.
397 3556 504 3613 Deinde
517 3554 552 3609 ad
566 3552 661 3611 statum
693 3554 811 3611 oblicum
825 3552 1007 3610 ordinandum
1014 3569 1079 3606 eon-

10 3658 41 3711 h,
59 3628 141 3705 versa,
157 3628 215 3689 tum
228 3634 340 3690 demum
355 3633 505 3711 lnteIIIgere
518 3650 657 3709 coeperunt
667 3574 720 3689 sdae
732 3630 895 3687 calamitatis
911 3628 1083 3718 magnitudi-

13 3704 33 3736 ζ’
59 3728 131 3768 nem.
168 3706 341 3767 Cufisenim
363 3710 541 3779 l‘rimoribus,
573 3710 601 3763 in
625 3706 723 3789 qulbus
736 3704 843 3787 aliquid
864 3700 1080 3779 audloratatis&

59 3784 162 3845 consilii
174 3788 269 3857 inerat,
286 3788 336 3868 qui
347 3782 515 3859 supererant,
533 3802 593 3863 pars
602 3786 701 3855 major,
719 3804 767 3863 per
779 3797 888 3840 aetatem
901 3778 930 3838 &
941 3782 1026 3839 animi
1036 3782 1081 3835 in-

58 3860 233 3932 firmitatem,
251 3862 285 3919 ad
299 3881 340 3919 res
352 3882 465 3939 magnas
477 3880 602 3935 tempore
615 3876 673 3917 taut
686 3859 840 3916 tearbulenso
850 3856 1014 3927 trailandas,
1031 3876 1082 3988 pa-

58 3958 120 3997 rum
134 3957 209 3995 erant
222 3938 322 3997 idonei.
358 3938 419 4017 Qui
431 3954 522 3997 autem
536 3958 550 3993 e
564 3936 762 4017 potentioribus
774 3934 918 4005 restabant,
936 3938 963 3990 in
1002 3936 1029 3989 ui
1050 3950 1083 3992 us

58 4014 167 4097 aliquid
180 4010 245 4072 eiset
259 4018 371 4097 ingenii.
388 4016 423 4073 ob
438 4015 619 4073 ambitionem
633 4014 661 4071 de
681 4014 829 4071 avaritIatn
841 4032 859 4069 a
871 4014 1000 4097 quletlsa
1015 4008 1094 4063 lanc-

57 4094 155 4155 rebant
167 4090 293 4154 consiliis.
327 4092 628 4233 Alexandeffiumius,
645 4092 780 4161 omnium
795 4090 934 4157 limitum
946 4080 1134 4215 ριςιῖεῗὲὶῑῶ

984 4182 1065 4245 sss-³3
