2316 4416
316 436 446 530 Liber
472 440 717 531 Undecimus.
815 508 819 527 .
852 464 859 477 “
959 472 1035 555 325

10 566 155 702 puppissmt
168 562 240 625 telle
252 564 462 639 habitatoribus,
479 566 515 622 de
523 568 607 626 Scotir
620 582 736 649 caperet,
753 562 808 648 ipsi:
823 564 973 651 pollerique
983 591 1039 643 elur

100 664 174 700 eten
191 660 259 699 rent.

12 666 160 779 pxissx.
174 663 282 777 ilontra
295 717 378 788 Scoti,
392 714 488 773 audito
499 732 628 797 apparatu
640 712 770 787 bollium,
780 714 809 773 &
819 714 867 793 ipsi
877 713 935 775 sunt
945 738 979 776 ex
988 720 1039 775 acl-

12 792 101 855 ναῶ
112 798 201 875 copias
210 811 377 870 comparant.
413 794 549 849 Omnibus
567 790 713 870 praelicitur
724 790 859 871 Georgius
876 796 1040 852 Ormundie

14 872 147 930 comes:
163 876 212 949 qui
224 870 315 927 statim
327 870 356 924 in
370 866 556 937 Annandiam,
574 888 629 958 quo
648 886 793 925 uenturum
813 866 917 925 hostem
936 872 1040 928 intelli-

16 946 116 1028 gebat,
133 945 213 1002 ducit.
250 948 386 1025 occupant
394 946 497 1023 priores
510 942 595 1021 Angit
607 948 637 1001 in
656 944 786 1002 bollitum
805 946 923 1025 ingredi.
957 948 1041 1026 Supe-

14 1040 84 1081 rato
96 1020 203 1079 Solvaeo
215 1018 244 1077 &
256 1020 395 1077 Annnndo
406 1019 543 1089 amnibus,
558 1018 595 1074 acl
607 1020 716 1077 Sarcam
728 1018 830 1077 llumen
838 1020 920 1077 casira
934 1021 1040 1083 locant:

15 1090 494 1231 till‘imiffi‘iiisiilissli
506 1092 1042 1250 issilissbitissiiiiiiil?liii

76 1214 83 1227 ·
618 1212 626 1241 r
1031 1218 1042 1248 r

18 1242 596 1404 affiligilfflii‘iiilili
615 1246 1044 1385 iffi'iiiw‘siqltila

18 1418 108 1458 cornu
120 1397 274 1479 Anglorum
287 1398 402 1477 Magnus
415 1392 523 1475 preesse
533 1394 623 1472 jussus,
640 1401 669 1453 in
684 1396 786 1456 sinistra
800 1403 920 1479 Joannes
937 1402 1043 1461 Ponen-

19 1474 155 1535 toniurli
174 1493 228 1531 uer.
263 1474 300 1531 Ei
311 1472 434 1531 attributi
446 1470 533 1545 Valli,
549 1490 695 1530 eueterum
708 1474 863 1531 Brittonum
881 1474 960 1557 stirpe
978 1482 1044 1537 reli-

46 1554 108 1608 uia.
176 1550 269 1607 ediarrt
277 1551 365 1609 aciem
376 1546 478 1607 (armet
489 1547 608 1625 regebat.
644 1546 778 1629 Georgius
789 1548 1047 1630 Duglassrusadver-

20 1572 68 1688 sus
76 1628 212 1705 Magnum
404 1622 1046 1703 vallamcragiaeomarehum,adversus1>o

20 1705 185 1763 nentonium
198 1698 381 1759 Manuallium
393 1697 422 1757 ἃ
433 1698 603 1780 Jonllonium
618 1721 679 1757 cum
690 1696 742 1761 suit
752 1720 889 1781 quemque
899 1703 1045 1765 tribulibus

22 1781 107 1837 locat.
141 1774 202 1857 lpse
220 1781 250 1834 in
268 1775 364 1832 media
379 1778 436 1832 acie
454 1792 551 1833 nirata
577 1794 609 1832 ae
629 1772 688 1832 suos
710 1774 829 1833 breviter
845 1777 882 1835 esl
899 1776 1046 1848 hortatum

20 1858 44 1890 “
64 1854 106 1911 Ut
118 1852 218 1910 bonam
231 1851 266 1907 de
277 1850 395 1909 visloria
408 1848 482 1931 spem
493 1850 634 1921 baberent,
651 1867 681 1907 ut
693 1856 742 1931 qui
754 1850 871 1910 boillum
885 1855 990 1929 injuriis
1001 1857 1046 1915 la-

20 1933 44 1965 “
57 1926 139 1987 cell'rri
150 1948 228 1985 arma
241 1925 387 1987 induissent
396 1950 404 1984 t
411 1925 515 2000 justiori
525 1924 621 1985 caussae
633 1924 788 2004 prosperum
799 1944 925 1986 eventum
934 1933 1045 1990 nonde-

22 2008 45 2041 “
59 2000 201 2062 futurum:
229 2000 347 2059 hostium
359 2000 513 2081 superbiam
535 2000 556 2059 st
575 2000 658 2057 semel
677 1998 774 2081 insigni
791 2004 868 2062 clade
885 2008 1048 2079 retuderim,

23 2083 47 2115 “
61 2080 150 2139 brevis
160 2078 259 2137 laboris
272 2076 431 2133 diuturnum
443 2074 562 2151 frustum
575 2074 722 2134 babituros.
759 2078 855 2157 Angli,
893 2084 919 2135 ul
933 2080 1047 2160 sagitta.

24 2159 135 2215 riorum
149 2174 263 2211 numero
273 2151 458 2225 abundabant,
474 2172 535 2210 cum
558 2150 648 2210 Stotos
667 2155 771 2211 eminus
790 2098 925 2213 missilibus
942 2153 1046 2216 saucia·

26 2248 101 2303 rene,
118 2228 222 2301 Vallis,
261 2230 288 2305 ui
300 2225 405 2284 linillro
418 2248 501 2284 cornu
513 2244 636 2308 preerat,
653 2227 796 2299 exclamat,
814 2248 843 2286 ut
855 2250 870 2287 n
882 2227 935 2288 suis
951 2237 1046 2291 omni-

26 2310 79 2367 bus
92 2306 184 2363 audiri
193 2251 295 2385 possen
312 2305 332 2335 “
343 2300 423 2380 Quid
431 2304 469 2361 ita
478 2302 614 2361 cludentes
623 2301 820 2361 velitarenturi
838 2296 970 2381 Sisecuti,
981 2331 1045 2368 cum

24 2386 47 2417 “
63 2375 448 2451 hoste'manumconstrerent,
466 2380 594 2438 ubivera
615 2383 700 2436 virtut
711 2374 824 2459 spediari
836 2380 935 2463 posset:
954 2386 984 2442 id
998 2388 1047 2444 de-

27 2478 108 2519 mum
121 2460 242 2515 virorum
260 2473 397 2514 certamen
417 2450 482 2514 else.
515 2454 583 2513 Ha’c
604 2453 715 2526 locutus,
744 2472 833 2515 totum
856 2458 944 2517 secum
962 2482 1048 2519 cornu

25 2534 190 2593 commovit.
226 2531 268 2589 Ac
280 2532 372 2589 sittim
393 2530 538 2612 praelongit
550 2530 631 2589 hastis
657 2530 749 2610 (quat
761 2530 845 2605 Senti,
896 2535 948 2592 sni
962 2555 1047 2617 atque

27 2611 120 2746 pquiti
139 2612 212 2681 juxta
222 2606 338 2680 habiles,
352 2606 456 2679 ferunt)
483 2604 588 2667 hostem
599 2605 751 2687 impellunt,
777 2608 862 2689 impul
874 2630 919 2669 um
930 2608 1049 2672 fundunt

45 2702 296 2837 ugppppptmgnm
316 2758 474 2817 inclinatam
492 2756 569 2817 suam
580 2759 666 2817 aciem
683 2776 802 2830 terrem,
823 2762 887 2818 vite
906 2758 1050 2840 superioris

29 2834 141 2893 honeste
153 2834 220 2893 2&ae
232 2834 320 2909 magis
328 2855 410 2915 quatu
424 2833 532 2925 periculi
542 2854 660 2906 memor,
673 2838 703 2892 in
716 2832 825 2891 Vallum
835 2855 937 2913 magno
945 2842 1051 2917 impetu

28 2911 129 2983 fertur,
140 2928 169 2967 ut
181 2910 223 2967 vel
236 2912 347 2967 audacia
360 2910 485 2989 praelrum
499 2908 656 2980 reslitueret,
669 2910 714 2966 vel
724 2926 876 2968 extremum
885 2910 980 2969 saltem
995 2914 1051 2995 spi.

30 2990 120 3047 ritum
139 2986 259 3065 preclari
271 2984 395 3043 facinoris
406 2984 496 3062 gloria
512 2982 673 3041 illustraret:
689 2981 736 3041 sed
755 2984 821 3043 dum
835 2988 964 3046 incautius
984 2996 1051 3063 ruit,

32 3086 51 3123 a
64 3058 117 3119 siis
135 3058 253 3119 exclusus
260 3082 322 3120 eum
335 3063 423 3153 paucis
432 3078 496 3117 eum
507 3056 601 3117 secutis
612 3060 752 3117 occiditur.
787 3060 961 3135 Hujutcredir
971 3070 1049 3128 fama

31 3158 82 3220 per
99 3154 243 3217 utrumque
260 3154 407 3195 exereitum
419 3134 541 3213 vulgata,
564 3131 704 3215 semisque
719 3135 783 3191 ideo
798 3130 825 3190 se
841 3134 956 3197 alacrius
978 3140 1050 3197 infe·

32 3213 164 3283 rentibus,
180 3213 304 3293 reliquus
315 3211 469 3293 Anglorum
482 3215 613 3268 exercitur
634 3230 691 3267 non
712 3210 762 3266 diu
780 3208 861 3269 sletit.
895 3210 968 3272 Cum
982 3216 1051 3273 elsu-

31 3285 63 3347 sa
75 3285 141 3367 suga
153 3289 266 3346 domum
276 3304 459 3368 properarent,
475 3287 566 3359 major
582 3282 739 3343 abeuntium
759 3305 843 3367 quam
862 3288 1050 3367 prnliantium

33 3362 122 3423 entier
133 3361 203 3421 faiia
211 3364 249 3421 est
260 3379 270 3431 3
289 3368 412 3422 maxima
423 3382 488 3421 vero
501 3365 528 3419 in
540 3360 639 3419 Solvei
650 3364 720 3441 ripa,
726 3382 788 3419 enm
802 3360 876 3419 ellus
884 3370 978 3437 miris,
987 3383 1050 3425 tum

34 3440 108 3498 sorte
120 3442 148 3495 in
161 3458 271 3497 amnem
283 3438 392 3510 resisus,
408 3435 541 3517 fugientes
556 3440 693 3495 retineret.
728 3438 835 3496 Periere
853 3438 1007 3517 Anglorum
1022 3446 1051 3500 in

33 3536 70 3573 eo
82 3514 178 3594 pru-lio
189 3519 294 3573 circiter
306 3518 360 3573 tria
370 3515 471 3584 millia,
487 3515 628 3571 Scotorum
639 3510 762 3572 sexcenti.
796 3510 975 3591 Captivorum
991 3538 1052 3575 ma·

57 3612 105 3647 nus
116 3587 169 3646 suit
179 3610 321 3649 numerus:
338 3592 461 3670 equibus
471 3586 613 3648 clarissimi
629 3592 746 3669 Joannet
764 3587 941 3648 Ponentoniur
952 3594 980 3649 &
993 3596 1052 3651 Ro·

36 3612 129 3727 bertus
147 3666 350 3725 Harentonius:
376 3664 498 3724 Comitis
515 3664 724 3725 Nortbumbriae
748 3660 829 3737 filius,
856 3685 917 3723 eum
936 3668 1054 3728 evadere

35 3738 132 3875 zosim
149 3742 216 3799 ‹lum
228 3760 336 3817 patrem
349 3745 378 3797 in
390 3762 490 3823 equum
502 3743 630 3831 imponit3
639 3738 694 3822 ipsc
703 3744 832 3834 inminui
842 3738 1054 3835 hostiump’cnit.

36 3817 541 3971 i'liliiiitiil‘imgiiiji‘
572 3816 1055 3963 niis?iiiiiinl‚⁰iiill:

36 3972 94 4028 euri
104 3989 137 4025 co
149 3986 288 4039 venerant,
305 3985 335 4025 ut
347 3988 401 4026 nnn
412 3970 447 4027 nel
461 3967 573 4029 bellum,
591 3965 637 4027 sets
647 3968 682 4025 acl
693 3988 822 4049 pompam
837 3968 965 4049 proficisci
975 3974 1055 4031 vitle-

38 4064 132 4106 rtntur
140 4088 150 4121 ,
168 4064 243 4111 tauta
254 4044 294 4107 sul
305 4044 415 4118 fidutia,
432 4040 568 4181 homine
583 4062 734 4129 contemtus
752 4047 857 4107 iuerat„
884 4046 993 4111 villax
1005 4048 1079 4137 lnp-

523 4142 563 4185 2e
1029 4142 1113 4199 turs,
