2316 4416
187 434 438 548 'A'PUD
494 446 839 548 SCOTOS.
916 550 919 557 ,
1011 490 1061 573 37

74 567 140 632 LX.
155 574 186 632 B.
199 572 270 707 dm
292 571 384 648 restat,
395 575 509 657 opinor,
527 586 557 634 ut
579 576 615 633 de
634 595 714 655 poena
728 572 930 655 Tyrannorum
951 576 1066 637 dissera-

37 652 107 711 mus·
144 659 182 717 Μ.
214 650 331 707 dunum
344 650 417 709 mihi
430 652 568 734 reliquum
581 653 699 710 videtur.
736 662 767 710 Β.
785 654 884 735 Igitur,
903 652 923 710 st
943 657 1003 711 Rex
1029 675 1062 709 o-

37 723 156 787 reniale
235 726 342 784 vincula
355 727 462 806 perfrin
481 748 530 801 at,
537 730 601 811 plan
638 747 670 785 ue
683 726 788 787 hostem
828 729 949 788 oblicum
968 727 995 787 se
1015 749 1063 809 ge·

36 820 93 874 rat,
109 820 158 885 qut
192 799 235 858 hit·
246 799 402 873 faciendum
414 749 526 865 cedor
562 818 601 866 M.
648 825 721 863 aereo
740 806 871 885 proeuo.
908 806 994 887 Nam,
1012 804 1061 863 eth

35 884 158 938 rationes
170 900 186 936 a
200 896 227 935 te
240 875 371 959 expolitae
389 881 533 940 videantur
544 885 713 953 convincere,
730 882 836 941 nullam
848 880 989 965 nobiseii'e
999 904 1062 940 cum

36 956 163 1035 eoRege
176 953 343 1027 societatem,
360 975 452 1015 tamen
467 960 602 1018 diuturna
611 956 809 1018 consuetudinis
821 978 898 1019 tanta
909 958 1012 1031 visrest,
1031 979 1063 1015 ue

35 1031 112 1115 apud
124 1049 168 1088 me
180 1032 205 1089 le
226 1034 385 1113 irvigortm
399 1033 530 1095 obtineat.
567 1037 606 1095 Ea
629 1036 700 1093 adeo
719 1038 894 1113 pertinaciter
915 1038 943 1093 in
963 1029 1064 1094 a'nimir

36 1106 186 1169 homiuum
206 1052 303 1181 heret,
321 1105 399 1183 ut,·si
418 1133 500 1193 quem
520 1112 671 1193 aliquando
694 1117 828 1172 invexerit
849 1133 981 1185 errorem,
998 1132 1061 1169 eum

35 1186 157 1247 tolerare
181 1186 296 1265 praestet,
312 1204 409 1269 quam,
425 1192 493 1247 dum
515 1190 653 1258 morbum,
673 1186 838 1248 assuetudine
851 1191 952 1262 lenem,
968 1207 1063 1247 curare

35 1260 241 1336 contendimus,
260 1280 342 1319 totius
364 1268 485 1348 corporis
507 1264 605 1325 statum
627 1263 798 1325 labefactare
836 1268 878 1326 Ea
897 1271 972 1324 enim
993 1286 1063 1348 quo·

36 1339 159 1401 tundam
179 1339 338 1397 morborum
360 1339 397 1397 est
419 1360 527 1414 natura,
546 1360 576 1402 ut
588 1341 714 1401 dolorem
728 1363 811 1425 quem
825 1344 942 1402 afferunt
955 1342 1064 1423 praestet

36 1410 173 1499 perferre,
210 1438 275 1475 uam
288 1418 415 1497 ancipitia
437 1421 560 1479 remedia
571 1437 710 1505 quaerere:
727 1422 756 1476 in
769 1420 866 1501 quibus
879 1420 1065 1498 experiundir,

39 1510 72 1551 ut
84 1438 349 1564 externiuecedant,
368 1497 405 1551 ita
427 1514 520 1554 tamen
543 1515 615 1555 aeres
633 1496 740 1553 doloret
763 1498 791 1552 in
811 1496 976 1554 medicando
996 1494 1064 1552 affe-

36 1586 114 1642 runt,
132 1587 163 1625 ut
182 1566 243 1650 ipso
256 1571 354 1628 morbo
379 1571 468 1629 morbi
490 1592 554 1631 cura
576 1569 608 1631 fit
629 1569 814 1652 perniciofior.
849 1573 968 1643 Deinde,
984 1572 1061 1650 quod

37 1664 88 1706 me
103 1647 191 1724 magis
204 1664 306 1715 movet,
324 1646 406 1704 video
423 1647 513 1722 istam,
529 1669 612 1731 quam
626 1667 655 1705 tu
667 1668 745 1706 vocar
758 1650 945 1727 tyrannidem,
963 1650 1061 1704 divino

36 1718 232 1781 confirmatam
253 1722 380 1780 oraculo:
399 1722 438 1796 ἃ,
455 1726 531 1807 quod
544 1744 574 1781 tu
585 1722 658 1784 velut
678 1724 770 1804 legum
782 1727 922 1783 interitum
941 1721 1063 1781 exsecra-

38 1802 91 1871 ris,
107 1796 181 1855 Deus
194 1800 285 1878 legem
298 1800 378 1875 regni
390 1820 478 1860 voeat.
515 1802 580 1877 Ejus
597 1801 652 1859 loci
673 1820 717 1859 rue
730 1803 819 1879 magis
831 1818 924 1861 movet
941 1801 1063 1858 audoni-

36 1890 93 1947 tar,
110 1894 195 1966 quam
208 1877 300 1932 omnia
315 1874 544 1956 Philosophorum
557 1894 726 1959 argumenta.
763 1876 833 1935 Inde
850 1900 894 1936 me
907 1874 956 1935 nisi
975 1875 1063 1954 expli-

39 1967 155 2021 caveris,
174 1970 229 2009 non
241 1969 318 2009 erunt
330 1951 405 2031 apud
419 1974 464 2011 me
475 1954 547 2012 tanti
560 1952 704 2013 hominum
717 1973 882 2028 commenta,
894 1974 923 2012 ut
936 1973 989 2010 non
999 1972 1064 2010 cou-

37 2026 131 2089 festim
144 2028 179 2084 ad
187 2027 279 2085 -hostes
292 2026 427 2087 defluam.

38 2134 40 2139 ·
83 2098 161 2160 Lxl.
177 2113 207 2163 Β.
226 2107 257 2162 In
270 2106 420 2175 communi,
439 2122 469 2160 ut
488 2105 580 2176 video,
597 2124 688 2162 errore
704 2101 830 2177 versaris,
845 2125 931 2185 eoque
941 2099 1062 2182 gravidit-

40 2199 101 2251 mo,
118 2182 167 2262 qui
180 2182 356 2258 tyrannidem
370 2180 517 2257 tyrannide
532 2178 692 2240 confirmare
705 2191 815 2239 coneris.
852 2180 967 2259 Quanta
987 2183 1062 2235 enim

42 2252 79 2312 fit
100 2251 299 2314 consuetudinis
319 2274 328 2310 t
352 2261 454 2327 tannis,
471 2258 499 2313 in
517 2261 617 2314 animis
637 2255 779 2315 hominurn
800 2257 848 2315 ubi
861 2258 940 2315 altius
958 2257 1064 2313 radices

41 2332 112 2411 egit,
129 2332 157 2389 δι
180 2336 300 2390 nimium
324 2276 391 2410 depe
413 2329 465 2389 hoc
486 2328 574 2392 seculo
587 2330 679 2391 sumus
691 2336 808 2412 experti,
826 2332 986 2391 &historiae
998 2328 1064 2388 stri-

75 2427 107 2463 or
118 2410 233 2467 vetusius
254 2408 408 2465 Herodotus
420 2407 521 2467 vetusto
533 2430 582 2468 nor
593 2428 686 2468 monet
697 2408 830 2489 exemplo.
866 2411 918 2469 Sed
933 2406 1005 2467 mihi
1017 2428 1065 2464 ve·

54 2483 145 2543 eribus
160 2485 293 2565 exemplis
316 2506 369 2542 non
389 2486 425 2543 est
439 2505 517 2565 opus,
534 2505 588 2545 tete
611 2485 664 2566 ipse
686 2480 802 2546 consule.
838 2484 938 2555 Coaita
962 2504 1065 2556 tecum,

35 2564 116 2645 'quot
130 2559 180 2620 hnt
200 2584 241 2620 tet
268 2582 318 2621 nec
331 2560 374 2622 hu
389 2566 505 2645 exiguae,
524 2565 550 2621 in
562 2565 672 2643 quihus,
688 2564 823 2623 rationem
843 2555 955 2633 secbtur,
972 2563 1006 2620 ab
1020 2566 1065 2620 in-

42 2656 166 2697 veterata
180 2658 222 2699 tot
234 2606 325 2697 hadre
337 2638 530 2699 consuetudine
544 2636 702 2701 destineris:
722 2656 753 2697 ut
774 2642 830 2711 jam
852 2639 1006 2697 domesticis
1018 2659 1067 2696 cx-

42 2720 206 2797 perimentir
219 2715 345 2776 didieiss'e
366 2720 497 2796 potueris,
513 2717 617 2775 nullam
631 2721 719 2795 magle
731 2713 858 2793 perieulis
878 2715 931 2775 eise
943 2717 1064 2797 plenam,

64 2814 129 2850 uam
145 2792 176 2850 ht
191 2792 248 2865 iiia,
265 2813 349 2874 quam
363 2815 411 2852 nos
422 2792 498 2874 sequi
510 2793 611 2865 jubent,
628 2796 673 2851 via
687 2792 803 2870 publica.
839 2792 910 2849 Earn
931 2810 958 2848 te
981 2792 1062 2866 jubeo
1132 2852 1141 2862 Η

41 2814 194 2931 diliventer
212 2868 433 2951 circumspicere:
451 2885 520 2951 quot
541 2871 640 2939 minat,
657 2887 769 2948 quantas
789 2866 886 2947 strages
900 2872 974 2926 inea
987 2869 1065 2924 vide-

43 2944 110 3006 bisi
128 2946 180 3003 Sed
196 2944 215 3003 h
230 2945 309 3026 ipit(
332 2948 386 3003 uod
399 2948 513 3015 dieitur)
524 2946 584 3006 luce
604 2943 701 3005 elarius
722 2943 770 3017 est,
787 2944 891 3001 nonest
904 2944 977 3022 quod
992 2946 1018 2998 in
1034 2963 1064 3000 re

43 3020 187 3107 perspicua
199 3024 255 3099 vd·
268 2968 405 3106 probanda
423 3024 466 3081 vel
487 3022 646 3083 illustranda
666 3021 772 3079 diutius
796 3020 937 3079 immorer.
976 3017 1065 3100 Qtod

44 3116 139 3158 autem
159 3098 194 3156 ad
214 3120 276 3159 eum
297 3103 396 3159 attinet
414 3102 515 3173 lorum,
531 3120 614 3163 ouem
627 3119 660 3158 ex
670 3096 791 3157 historia·¹
805 3098 914 3158 Renum
928 3104 1016 3172 magis
1031 3094 1065 3152 s·

65 3173 168 3247 nifirar,
185 3198 268 3260 quam
282 3179 407 3260 explicas,
423 3179 489 3237 vide
510 3166 611 3261 qu'aso,
627 3196 661 3235 ne
673 3196 735 3259 qut
749 3178 778 3232 in
796 3171 992 3256 Tyrannorum
1004 3176 1065 3233 vita

40 3195 181 3315 hominm
199 3252 359 3327 exsecratur,
375 3270 408 3313 tu
426 3254 548 3336 Regibus
568 3254 603 3315 ab
616 3274 649 3313 eo
659 3251 776 3313 conceffa
791 3273 873 3332 putes.
909 3253 990 3312 Idne
1005 3249 1064 3318 fiat,

44 3332 169 3423 primurn
183 3350 210 3389 te
224 3332 304 3401 iubeo
315 3332 475 3412 expendere,
492 3331 561 3411 quid
629 3330 715 3390 ulusa
733 3331 858 3389 Domino
869 3333 998 3409 petierit:
1017 3327 1066 3382 de-

43 3406 122 3474 inde,
139 3427 205 3486 quas
219 3426 296 3465 novae
310 3411 450 3487 petitionis
460 3404 558 3466 causs'm
590 3429 605 3466 a
626 3412 715 3468 uerit:
732 3404 876 3486 postremo,
892 3405 960 3487 quid
979 3424 1066 3482 popu-

44 3481 77 3542 lo
91 3483 223 3541 Dominus
246 3480 424 3564 responderit.
461 3485 594 3556 Primum,
610 3486 653 3542 Re
672 3503 717 3541 em
738 3498 843 3561 petunt.
879 3480 1064 3575 Atqualemi

43 3558 228 3635 legitimum?
247 3560 286 3616 At
298 3557 443 3619 habebant.
481 3560 548 3618 Erat
558 3561 634 3618 enim
652 3504 761 3618 domuel
772 3562 809 3617 eir
830 3581 845 3617 a
864 3556 999 3626 Domino,
1017 3575 1064 3634 pe-

43 3638 94 3695 riet
109 3656 190 3716 quem
207 3640 246 3710 jur
267 3635 437 3716 praeficiendi
449 3654 519 3709 erat,
535 3636 631 3695 datur:
648 3639 689 3709 jur
710 3638 749 3694 eir
769 3633 893 3709 legitime
914 3654 948 3692 ex
970 3633 1064 3709 legum

44 3712 205 3773 divinarum
217 3709 373 3796 prescripto
384 3710 484 3772 multos
504 3732 591 3772 annos
603 3713 718 3771 dixerat.
753 3710 794 3768 At
807 3710 859 3771 filii
870 3714 936 3784 ejus,
951 3731 1011 3767 eum
1027 3711 1068 3778 jus

43 3809 82 3849 eo
103 3784 209 3847 seniore
232 3792 365 3865 dicerent,
381 3789 468 3849 multa
490 3784 627 3869 flagitiose
646 3784 792 3860 faciebant,
808 3786 974 3848 &adversus
994 3786 1067 3851 leaer

43 3865 213 3947 judicabant.
249 3869 383 3929 Nondum
404 3865 488 3924 video
505 3860 635 3933 cauffam,
648 3885 697 3924 cur
719 3864 800 3923 statur
821 3863 921 3945 publici
933 3865 1067 3922 mutatio·
1133 3906 1136 3910 .

44 3942 123 4014 r'rern,
141 3941 187 4000 sed
198 3945 421 4005 emendationem
435 3947 535 4024 potius,
551 3936 731 4025 exposcerem,
747 3958 798 3998 aut
816 3958 888 3999 cette
906 3960 923 3999 a
942 3940 1069 3999 &mino

44 4014 242 4103 exspe‘iarent,
259 4038 293 4081 ut
319 4016 351 4080 ‘iri
362 4042 416 4081 non
428 4021 499 4079 adeo
511 4019 619 4114 pridem
630 4035 720 4077 totam
729 4018 797 4077 Heli
807 4014 972 4075 familiama
987 4016 1068 4094 stirpe
1081 4080 1093 4104 A

45 4099 159 4175 mestit,
176 4096 213 4163 ob
232 4118 263 4162 ta
304 4121 350 4161 aru
365 4116 454 4185 prope
466 4090 1061 4249 singem.1Qidigttutpetuntssxerffp

41 4180 44 4185 ’
486 4183 502 4253 [
567 4190 590 4241 2
896 4190 899 4194 ’
995 4181 1039 4241 Ψ
