2316 4416
180 463 428 557 APUD
486 418 867 557 roo'r'or'
1008 493 1062 572 ι’

23 593 110 671 tiqui,
127 589 222 667 turpis,
239 588 355 662 bonelli,
372 587 540 663 discrimine,
553 591 662 671 publico
684 609 769 671 prope
780 586 916 660 consensu,
933 590 961 643 in
978 592 1032 643 im-

23 687 121 727 iunem
136 669 317 798 depeneratur
330 668 505 726 barbariem?
523 669 601 739 llaec,
617 667 646 725 &
668 666 711 725 hir
730 670 874 738 atrociora,
890 664 957 736 scio,
974 683 1031 734 me,

23 765 73 803 rm
85 745 116 801 in
130 741 173 802 Ga
186 743 235 799 lias
248 747 368 815 rediero,
386 745 556 803 auditurum:
576 742 685 801 occlufir
708 745 819 801 interim
839 745 964 802 omnium
983 760 1033 797 au-

23 816 96 890 ibus,
114 840 162 879 nec
174 817 356 879 defenlionem
378 839 425 881 nec
441 816 653 878 satisfailionem
665 816 830 879 admilluris.

44 894 100 953 1V.
126 909 156 956 Β.
174 893 214 951 At
235 915 287 976 ego
306 914 334 954 te
357 891 437 953 facile
456 894 507 954 hoc
525 899 637 968 timore,
653 894 772 954 noliram
794 917 826 954 ue
840 910 949 985 gentem
962 888 1031 948 sali>

23 976 133 1045 ιὶιιιὶιιι,
151 971 281 1031 liberabo.
317 974 404 1043 Nam,
422 970 442 1029 li
465 974 561 1053 prieris
582 977 754 1031 atrocitatem
768 917 872 1030 llelerrr
889 987 1032 1046 tantopere

23 1038 190 1118 rstirantur,
208 1048 256 1132 qui
277 1052 412 1119 convenit,
426 1045 599 1108 severitatem
620 1055 649 1106 in
661 1067 695 1106 eo
708 1049 874 1108 vindicando
886 1052 1031 1127 reprelien-

23 1127 100 1180 ere?
118 1126 185 1195 Aut,
203 1129 221 1180 li
236 1127 372 1204 Reginam
385 1128 413 1181 in
426 1125 552 1184 ordinem
564 1126 656 1206 redigi
667 1126 778 1183 molelle
789 1123 890 1196 ferunt,
906 1124 979 1204 prius
992 1120 1029 1177 est

23 1196 114 1255 ecell'e
129 1217 157 1255 ut
169 1199 290 1279 probent.
328 1202 426 1282 Igitur,
443 1219 475 1258 tu
493 1201 575 1282 elige,
594 1221 710 1258 utrume
725 1203 830 1261 duobus
850 1217 928 1257 atrox
940 1199 1031 1256 videri

23 1276 88 1333 elis.
125 1279 199 1334 Num
212 1295 355 1359 utrumque
375 1276 489 1349 necilli,
505 1297 553 1336 nec
566 1296 606 1348 tu,
621 1281 721 1350 (modo
734 1279 814 1336 vobit
832 1276 951 1334 constare
961 1277 1032 1333 veli·

23 1351 66 1421 s)
84 1370 133 1408 aut
153 1352 274 1424 laudare,
291 1372 338 1409 aut
358 1358 526 1431 vituperare,
549 1359 667 1434 potellir.
703 1366 741 1413 M.
758 1354 819 1434 Ego
840 1373 907 1410 vero
926 1354 1030 1409 caedem

23 1429 99 1507 Legis
121 1432 214 1509 utique
237 1429 430 1489 abominor&
452 1431 586 1489 detestor:
605 1430 765 1512 gaudeoque
785 1434 840 1504 ejus
853 1428 990 1486 invidiam
1013 1447 1030 1482 a

24 1504 119 1562 ublica
142 1501 306 1563 conscientia
328 1524 473 1577 remotam,
491 1507 518 1564 d(
537 1511 568 1563 in
586 1527 733 1586 paucorum
754 1502 959 1585 improbitatem
978 1499 1033 1559 effe

23 1579 152 1638 ollutam.
190 1581 250 1638 Hoc
270 1600 335 1638 vero
352 1581 480 1664 posterius
502 1581 604 1641 facinus
626 1601 714 1665 neque
736 1585 849 1641 omnino
867 1583 1034 1658 vituperare,

23 1675 63 1715 tec
87 1655 199 1713 laudare
218 1653 335 1735 pollum.
372 1660 458 1731 Nam,
476 1659 549 1745 quod
563 1656 653 1731 scelus,
670 1660 705 1718 ab
718 1664 795 1719 omni
808 1656 952 1715 bominum
973 1675 1034 1714 me-

23 1735 102 1790 notia
125 1735 248 1790 maxime
269 1729 413 1807 nefarium,
430 1734 542 1794 conlrlio
554 1734 583 1793 ὅ(
595 1736 725 1793 industria
747 1739 876 1805 eruerint,
891 1729 1036 1790 sceleratos

23 1808 85 1865 ‚ello
98 1806 223 1867 &armis
268 1806 426 1892 rsequantur
451 1809 551 1871 sicinus
571 1811 729 1891 praeclnrtun
743 1813 771 1869 ἃ
787 1808 965 1868 memorabile
978 1812 1034 1865 mi-

23 1889 41 1941 ιὶ
57 1883 176 1941 videtur.
213 1829 300 1964 (blod
313 1905 405 1943 autem
417 1853 552 1945 ibmmurn
568 1887 755 1967 magistratum
769 1890 798 1944 in
810 1887 936 1945 ordinem
956 1887 1035 1943 rede-

23 1965 115 2042 qerint,
133 1978 231 2017 nomen
242 1965 373 2042 Regium,
391 1964 465 2042 quod
477 1982 607 2045 magnum
621 1982 703 2043 atque
714 1961 835 2021 lineium
846 1959 948 2041 semper
960 1963 1036 2040 apud

23 2055 108 2095 »moer
130 2055 222 2126 genter
245 2037 308 2123 fuit,
325 2035 527 2112 contemserint,
545 2035 636 2096 nescio
657 2040 799 2120 quomodo
819 2057 966 2118 accepturae
981 2036 1033 2094 lint

23 2132 106 2170 »mnes
121 2113 236 2193 huropae
248 2132 380 2186 nationes,
396 2112 505 2193 illaeque
518 2118 547 2171 in
559 2116 666 2206 primis,
683 2134 745 2196 quae
757 2114 804 2173 sub
816 2119 933 2246 imperio
941 2117 1033 2183 Regio

23 2192 118 2246 riuunt.
157 2189 205 2244 Mc·
223 2206 306 2261 certe,
323 2208 483 2269 quanquam
496 2210 550 2248 non
563 2210 687 2269 ignorem
707 2192 776 2270 quid
790 2209 851 2249 exa
874 2189 949 2247 verso
961 2176 1033 2269 pltr-

23 2266 149 2334 endatur,
166 2263 212 2320 vel
224 2262 353 2324 facinoris
361 2285 406 2323 mr
429 2267 544 2338 nitudo,
557 2267 600 2324 vel
612 2268 730 2338 novitas,
748 2264 1034 2335 vehementermovct,

23 2362 100 2422 eoque
121 2341 205 2396 etiam
225 2343 325 2419 magis,
340 2361 396 2423 quo
428 2360 462 2401 ert
474 2341 628 2401 rudioribus
640 2342 1033 2416 ejurnonnullimecumrrtir

23 2414 202 2476 :onsuetudine
215 2412 430 2493 suntconjuncii
599 2427 602 2433 '

56 2494 90 2549 V.
109 2503 138 2551 Β.
156 2495 222 2572 Janr
234 2497 432 2575 propemodum
453 2493 662 2566 videorvidere,
679 2493 747 2574 quid
760 2510 815 2552 non
827 2511 885 2552 tam
897 2509 925 2552 te
937 2491 1034 2551 fortas-

23 2567 233 2641 'ecommovert‚
250 2591 334 2653 quam
349 2573 411 2630 istor
433 2573 532 2632 alienae
551 2573 657 2630 virtutis
677 2570 785 2662 iniquos
805 2571 915 2644 judicer,
932 2572 1036 2651 quibur

23 2643 232 2703 'atisfaciendum
245 2647 391 2707 existimat.
427 2646 532 2705 Eorum
546 2667 598 2726 ego
609 2651 662 2705 tria
681 2646 846 2726 potrllrmum
863 2664 963 2725 genera
984 2646 1034 2703 dr-

26 2742 71 2792 uo,
97 2723 147 2802 qui
171 2741 263 2779 manus
289 2721 370 2780 istam
391 2724 567 2793 injedlionem
591 2721 642 2780 lint
660 2723 836 2781 vehementer
859 2725 1035 2801 exagitatur-i.

23 2796 111 2854 'Jnum
124 2817 208 2877 genus
220 2799 256 2856 ell
267 2795 530 2890 perniciosrlllmum.
568 2798 600 2854 In
619 2817 653 2854 eo
673 2795 732 2856 sunt
784 2800 954 2856 rrnnicarum
967 2797 1036 2853 libi-

23 2875 107 2948 linum
120 2873 285 2945 administri,
302 2880 350 2957 qui
368 2872 440 2932 nihil
451 2893 508 2931 non
519 2870 618 2948 justum
631 2873 660 2931 ἃ
678 2873 750 2930 bone
774 2870 892 2930 run‘libi
910 2875 1034 2945 credunt,

24 2970 42 3005 n
55 2970 110 3031 quo
120 2949 241 3029 Regibus
253 2947 404 3030 gratificari
416 2968 533 3033 queant:
550 2952 655 3029 quique
662 2969 717 3007 noo
727 2971 759 3007 tr
766 2947 811 3007 sur
822 2969 957 3031 quamque
970 2970 1031 3006 rem

23 3028 51 3096 ri,
68 3021 113 3082 sed
128 3024 439 3099 dominorumlibidine,
456 3029 617 3086 metiuntur.
654 3026 696 3084 Hi
714 3022 768 3083 sest
780 3025 876 3085 rlienae
889 3027 1034 3105 cupiditati

23 3102 82 3160 ideo
108 3101 282 3173 addixerunt,
298 3120 328 3160 ut
349 3104 452 3162 nullam
471 3101 531 3177 sibi,
548 3121 637 3184 neque
648 3104 778 3174 dicendi,
794 3121 880 3184 neque
903 3099 1033 3173 faciendi,

23 3177 170 3234 'ibertatem
189 3179 357 3261 reliquerint.
396 3181 439 3239 Ex
461 3179 512 3241 hac
528 3174 621 3238 seeta'
641 3179 794 3249 rodienmr,
808 3182 856 3259 qui
876 3177 1033 3236 adolescen-

24 3273 69 3308 em
85 3256 238 3325 innoxium,
256 3255 337 3313 nollit
353 3257 563 3316 inimicitiarum
574 3276 621 3314 cru
643 3276 678 3328 u,
693 3252 736 3311 sed
751 3256 826 3324 lucri,
842 3253 963 3325 honoris,
980 3277 1031 3311 au-

23 3333 127 3409 icaeque
151 3334 291 3408 potentiae,
307 3328 362 3410 spe,
384 3330 616 3390 libidini‘asr'enae
637 3330 814 3389 crudeliffime
836 3328 1034 3391 madauerunr.

23 3405 61 3462 :sti
81 3423 183 3477 autern,
200 3428 261 3464 eum
275 3411 318 3465 Re
339 3411 391 3466 inae
402 3413 489 3467 ricem
501 3406 528 3466 se
541 3406 784 3478 dolere-simulant,
801 3408 856 3465 non
869 3406 941 3465 illius
953 3411 1033 3488 inge-

23 3477 131 3537 niscunr
143 3479 269 3550 miseriis,
285 3428 337 3541 secl
344 3482 397 3542 su'ze
410 3481 549 3545 securitati
559 3481 731 3564 prospebium
745 3484 850 3556 volunt,
867 3488 1032 3561 praemium-

23 3577 66 3645 pue
77 3554 271 3617 sceleratillimi
283 3556 422 3632 facinoris,
441 3578 574 3639 quantum
589 3559 638 3639 spe
656 3561 831 3632 devorarunt,
849 3578 921 3640 aegre
933 3557 983 3617 sibi
996 3563 1033 3616 dc

24 3632 135 3690 auribus
157 3653 278 3716 ereptum
302 3634 399 3696 ferunt.
437 3639 497 3695 Hoc
516 3640 603 3716 igitur
620 3655 705 3715 genus
725 3636 882 3707 hominum,
898 3656 953 3692 non
972 3655 1032 3694 tam

23 3711 147 3779 natione,
164 3732 248 3792 quam
261 3712 350 3791 legum
361 3708 540 3772 severitate&
551 3718 580 3772 vi
591 3733 743 3784 armorum,
760 3734 822 3771 reor
832 3712 968 3791 castiganti
974 3736 1032 3772 nm.

23 3785 75 3842 ilii
96 3787 147 3841 toti
160 3806 250 3844 rerum
267 3778 375 3848 litatum
386 3788 455 3848 sunt.
492 3790 543 3859 Hi,
560 3788 686 3847 homines
698 3791 804 3869 alioqui
817 3792 931 3848 minime
952 3793 1033 3861 mili,

23 3880 67 3919 ron
80 3860 188 3938 publici
204 3866 294 3946 (quod
304 3867 391 3925 videri
402 3865 509 3936 volunt)
525 3867 636 3941 injuria,
652 3863 699 3925 sed
712 3868 820 3925 damis
829 3884 967 3947 anguntur
980 3868 1033 3923 do.

23 3936 141 4008 nestieir',
160 3939 276 4020 ideoque
298 3941 368 3999 mibi
390 3944 477 4020 magis
496 3960 574 4023 egere
588 3941 717 3999 ridentur
734 3939 929 4012 consolatione,
946 3966 1031 4026 quim

23 4013 210 4077 ttlrationunr
222 4017 268 4077 uel
277 4017 370 4100 legum
380 4012 521 4082 remediis.
554 4017 672 4103 Reliqua
683 4018 720 4080 eil
731 4020 1036 4103 imperitrmulriturc,

475 4092 606 4177 tum
987 4114 1057 4167 ι
