2316 4416
391 442 521 535 Liber
546 442 792 536 Undecimus.
1020 472 1093 555 313

66 573 104 635 su
138 570 213 635 litio,
231 588 291 631 reor
304 588 337 629 ex
351 566 396 629 sua
409 573 487 630 unius
507 568 640 631 sententia
661 575 823 653 impunitate
836 571 948 645 donare,
964 592 1025 630 etam
1039 576 1100 630 Du-

70 652 130 731 gial
144 649 253 706 rodam
268 652 469 707 communicate
481 650 601 707 confilia.
1034 666 1037 671 '

114 725 167 781 xl.
184 724 252 781 Haec
263 724 447 782 Cancellarius
469 746 531 782 cum
549 745 638 807 neque
656 727 750 783 tacitus
769 722 850 793 ferre,
866 744 952 806 neque
965 725 993 780 vi
1004 722 1100 805 probi-

70 800 141 858 bere
154 796 248 879 posset,
267 800 368 871 slatuit,
385 796 516 881 suppressa
526 804 560 858 ad
574 822 678 882 tempus
693 809 744 874 ira,
757 802 791 859 ab
803 802 862 857 aula
874 798 1003 857 secedere.
1040 802 1097 875 lgi-

69 894 129 947 tur,
148 876 195 933 ubi
207 880 326 956 primurn
338 872 395 933 visa
409 886 445 934 eli
456 877 568 948 occasio,
585 882 662 959 Rege
686 900 717 935 ac
735 881 850 951 Prorege
864 878 974 933 Sterlini
986 875 1098 943 reliilis,

10 936 31 1071 ἶ
70 972 136 1009 eum
156 955 261 1085 inperiti
280 954 421 1009 clientium
443 973 525 1011 manu
546 956 746 1033 lidimburgum
766 939 853 1025 venit,
870 954 964 1033 ibique
985 956 1014 1007 in
1037 972 1098 1008 arte

70 1029 179 1085 muniti
198 1048 265 1099 rma,
283 1033 313 1085 in
324 1033 419 1086 omnia
431 1030 623 1087 mutandarum
637 1050 726 1087 rerum
739 1046 878 1087 momenta
891 1034 1017 1097 intentus,
1033 1048 1098 1083 eon-

10 1115 25 1191 μ
70 1102 155 1160 sedit.
191 1104 231 1161 Ea
245 1123 288 1162 tet
300 1107 404 1177 audita,
420 1106 449 1162 ὅ(
460 1108 571 1187 Proregi
578 1106 618 1163 ob
633 1110 783 1186 potentiam
794 1110 898 1163 creavit
908 1106 1053 1175 invidiam,
1065 1105 1097 1161 δε

70 1179 248 1238 Cancellario
259 1200 291 1237 ex
310 1179 458 1238 solitudine
476 1181 607 1240 favorem.
645 1186 741 1267 Neque
761 1181 824 1239 huie
841 1186 995 1240 animorum
1008 1185 1099 1237 motui

72 1252 230 1313 Gulielrnus
241 1252 345 1314 defuit:
364 1258 461 1316 audaci
472 1262 546 1317 enim
559 1258 688 1330 facinore,
704 1259 734 1316 &
753 1255 902 1316 adverlirii
922 1255 1095 1317 insolentiam

71 1328 252 1413 compescere,
268 1333 297 1392 &
312 1331 353 1391 sui
371 1350 540 1393 contemtum
555 1338 663 1393 demere
685 1336 814 1392 decrevit.
851 1336 949 1415 Igitur,
964 1356 1024 1392 tum
1081 1352 1096 1389 r

71 1406 258 1488 exploratores
279 1407 457 1490 comperisset,
473 1416 592 1491 Regem,
611 1412 677 1470 dum
700 1411 825 1494 quotidie
836 1429 963 1468 venatum
991 1430 1039 1490 pro
1059 1412 1099 1465 ei-

10 1486 18 1541 l
70 1481 166 1555 scitur,
183 1486 362 1565 negligentius
376 1486 514 1561 custodiri,
530 1488 670 1546 observata
690 1486 842 1557 Alexandri
860 1485 989 1557 absentia,
1006 1505 1035 1543 re
1056 1488 1098 1542 io-

74 1564 415 1643 numquecommoditate,
431 1562 460 1619 &
479 1564 643 1645 temporibus
665 1562 695 1622 lli
715 1582 877 1643 atorumque
897 1581 1012 1620 nurnero
1032 1504 1099 1619 satis

74 1638 230 1729 explorato,
246 1636 335 1697 loturn
356 1658 411 1695 non
432 1640 512 1733 longe
532 1641 678 1698 aSterlino
689 1586 849 1719 designavit,
867 1643 896 1697 in
909 1659 990 1721 quem
1004 1635 1098 1695 fidilli-

10 1764 23 1775 .
75 1734 116 1772 mr
138 1718 288 1771 amicorum
311 1736 372 1773 cum
395 1733 502 1799 quantas
521 1714 625 1797 possent
645 1721 729 1799 copiis
749 1714 932 1788 eonvenirent,
955 1711 1099 1801 ipsumque

10 1784 22 1829 Ξ
42 1854 45 1859 ,
75 1788 307 1871 praeslolarentur:
324 1790 380 1872 lpse
393 1810 456 1850 ante
466 1792 552 1851 lucem
563 1815 624 1851 eum
638 1797 761 1875 equitatu
771 1793 891 1865 modico,
907 1796 937 1849 in
958 1790 1028 1847 lrlvir
1040 1792 1098 1847 arei

76 1869 245 1947 propinquis,
257 1870 340 1945 Regis
353 1868 500 1925 adventum
513 1874 659 1949 opperitur.
697 1870 754 1928 Nee
765 1866 871 1925 sottuna
883 1886 941 1924 tam
951 1867 1039 1924 auriax
1052 1870 1099 1923 in-

38 1992 41 1997 .
73 1959 181 2023 ceptum
194 1938 303 2000 fefellit.
340 1946 401 2001 Rex
414 1948 487 2002 enirn
502 1942 609 2002 summo
622 1963 702 2002 mane
711 1964 773 2002 curn
785 1949 885 2023 exiguo
896 1963 983 2026 eoque
993 1944 1097 1999 inermi

73 2022 207 2077 comitatu
223 2016 318 2077 silvam
337 2020 476 2090 ingressus,
494 2024 523 2077 in
534 2020 698 2078 Cancellarii
708 2040 828 2077 turmam
841 2020 940 2077 incidit
951 2036 1098 2075 armatam.

77 2096 118 2151 Hi
131 2114 192 2150 tum
213 2094 248 2152 de
267 2116 344 2151 more
364 2093 517 2153 salutassent
534 2100 650 2167 Regem,
668 2117 698 2154 ae
721 2097 793 2155 bono
816 2099 910 2153 animo
931 2091 983 2151 else
1004 2094 1099 2165 juben-

73 2186 115 2226 tes
128 2166 337 2241 confirmassent,
355 2171 538 2229 cancellarius
556 2160 606 2253 pio
619 2190 739 2253 ternpore
763 2193 825 2241 turn
847 2176 935 2253 paueit
954 2170 1077 2227 hortatur
1087 2184 1097 2233 ;

74 2248 93 2279 “
111 2246 153 2301 Ut
167 2243 218 2305 libi
229 2268 259 2304 ac
271 2269 355 2327 regno
367 2248 413 2305 suo
427 2246 578 2328 prospiciat,
595 2245 647 2305 sese
669 2270 700 2306 ue
712 2270 745 2305 ex
760 2248 911 2306 Alexandri
920 2266 1023 2304 earcere
1042 2250 1099 2302 eri-

74 2324 93 2354 “
107 2323 177 2454 piat,
193 2341 224 2379 ac
236 2325 326 2393 Retio
339 2346 415 2384 more
430 2330 457 2381 in
470 2324 605 2405 posterum
617 2270 739 2383 &siluere
747 2330 841 2382 vivat:
859 2344 907 2381 nec
925 2322 1042 2381 aliorum
1061 2322 1099 2378 li·
1150 2362 1153 2369 -

73 2400 93 2431 ‘⁴
129 2397 242 2455 idini&
262 2398 386 2460 auaritiae
406 2422 500 2481 patere
522 2396 658 2473 assuescat,
674 2400 720 2459 sed
743 2402 805 2459 aliis
826 2398 881 2492 ipse
898 2420 961 2481 quae
981 2400 1046 2474 julla
1066 2397 1097 2456 δῖ

73 2477 92 2507 “
107 2492 189 2553 aequa
202 2472 261 2530 sunt
275 2478 398 2559 imperet,
414 2477 537 2559 civesque
560 2475 697 2536 universos
737 2472 893 2535 raesentrbur
910 2476 991 2533 malie
1015 2476 1100 2545 levet,

72 2554 93 2583 “
107 2572 170 2633 quae
183 2550 317 2611 teslorum
328 2553 479 2611 ambitione
495 2555 523 2613 ἃ
535 2556 684 2637 cupiditate
694 2498 763 2612 adeo
776 2552 956 2621 invaluerunt,
973 2568 1002 2606 ut
1015 2550 1098 2606 nullia

74 2628 93 2659 “
106 2630 233 2698 omnino,
250 2626 301 2703 nili
323 2631 446 2709 Princeps
467 2628 522 2711 ipsi·
533 2630 648 2713 capessat
660 2632 813 2710 imperium,
831 2625 884 2684 filli
896 2628 1026 2684 remediis
1038 2622 1103 2705 pos-'

74 2706 94 2735 “
107 2700 171 2760 liot.
208 2704 242 2760 Id
266 2722 296 2762 ut
316 2710 384 2763 citra
407 2709 566 2784 perieulum,
583 2729 614 2765 ac
636 2708 758 2764 laborem
780 2707 865 2761 etiam
884 2700 1098 2773 oonstei.1tur,s'e

74 2780 94 2812 “
108 2775 264 2857 providisse.
302 2782 435 2861 Magnam
455 2788 527 2839 enim
552 2788 579 2839 in
599 2786 750 2865 propinquo
769 2800 881 2838 manum
901 2776 1098 2859 ess'eequitum,

18 2890 34 2927 2
74 2858 92 2889 “
107 2860 156 2937 qui
169 2874 243 2927 eum,
259 2877 418 2938 quoeunque
430 2877 477 2914 aut
489 2858 571 2913 vellet
583 2878 630 2914 aut
643 2880 707 2939 opus
719 2855 792 2927 esset,
805 2858 1008 2913 comitarentur.
1031 2856 1097 2911 Haee

23 2956 47 3001 ·.
74 2952 137 2989 eum
153 2930 230 2988 vultu
251 2935 321 3006 Rex,
341 2930 393 2991 live
406 2935 479 3017 qnod
494 2937 531 2989 ita
544 2929 663 3006 sentiret,
682 2932 736 2993 live
752 2950 780 2988 ut
803 2936 933 2989 timorem
945 2928 1098 2988 dissimula-

75 3026 128 3079 ret,
146 3006 295 3088 approbare
315 3011 463 3082 videretur,
482 3006 559 3065 freno
582 3027 689 3090 arrepto
709 3008 893 3067 Cancellariut
914 3027 976 3064 eum
1001 3006 1098 3063 ducere

76 3088 169 3164 pergit
182 3084 217 3138 ad
230 3081 296 3143 suos.
335 3086 470 3165 Qucum
479 3090 556 3165 Rege
567 3102 653 3156 erant,
671 3084 699 3143 &
712 3087 789 3167 pauci
804 3085 832 3142 dt
843 3088 960 3140 inermes·
971 3080 1100 3140 adversus

20 3212 30 3221 ,
75 3162 165 3239 plures
182 3158 210 3215 &
227 3178 356 3235 armatos,
374 3163 409 3219 ad
422 3168 479 3220 vim
495 3166 532 3219 inr
553 3181 610 3220 aret
623 3179 697 3219 retro
707 3162 797 3219 moesti
810 3161 918 3218 abeunt.
957 3158 1017 3215 Rex
1029 3178 1099 3235 qua-

22 3286 46 3325 ·
74 3256 140 3293 tuor
151 3234 260 3315 stipatus
273 3256 440 3297 armatorum
455 3184 585 3312 millibus,
602 3240 707 3323 ingenti
728 3240 828 3299 letitia
844 3238 921 3317 vulgi
932 3234 1099 3313 Edirnburgi

10 3344 32 3381 -,
74 3316 133 3369 etei
155 3316 219 3367 itur.

23 3432 34 3445 .
147 3390 184 3445 11.
201 3388 311 3459 Prorex,
329 3386 387 3447 lraee
399 3393 440 3447 uti
459 3390 519 3449 aeia
539 3406 617 3447 erant
629 3389 675 3447 ubi
687 3391 829 3481 comperit,
847 3390 940 3446 animo
955 3389 994 3441 ira
1006 3384 1035 3443 dt
1047 3406 1098 3464 pu-

10 3492 15 3516 :
76 3458 280 3537 doreconsus),
317 3465 463 3525 sterlinum
476 3464 606 3538 reverlirr,
624 3466 690 3545 quid
701 3482 836 3545 optimum
857 3463 929 3522 sadiu
951 3460 983 3517 stt
999 3481 1099 3540 expen-

10 3582 25 3613 .,
73 3542 130 3597 dit.
167 3538 297 3613 Angebat
307 3542 424 3619 ingentis
437 3547 524 3600 animi
541 3544 641 3607 virum,
658 3539 741 3599 sesua
755 3542 920 3621 negligentia
935 3543 972 3595 ita
986 3536 1100 3618 puerili·

10 3648 13 3653 ·
72 3636 117 3674 ter
127 3614 202 3672 firtsse
214 3600 352 3675 delusum:
372 3621 484 3676 interim
496 3616 603 3676 suorum
621 3614 718 3675 fraude
734 3616 839 3675 faslutn
850 3616 976 3674 credere:
996 3614 1044 3669 diu
1057 3617 1099 3670 in·

16 3692 22 3724 ²
72 3710 173 3762 certus,
190 3698 231 3748 eui
247 3689 353 3761 fideret,
370 3714 454 3773 quem
466 3700 588 3767 timeret,
623 3696 716 3764 odore,
734 3689 878 3773 suspicione
895 3692 923 3749 &
936 3694 975 3747 ira
989 3694 1059 3747 inter
1070 3689 1098 3747 se

70 3768 249 3827 certantibus.
285 3768 414 3827 Tandem
438 3774 532 3829 animo
551 3714 670 3851 pauslum
690 3769 793 3840 sedato,
808 3775 928 3850 cogitare
948 3764 1034 3823 secum
1055 3788 1100 3824 oe·

70 3851 171 3924 eoepit,
189 3844 261 3925 quod
275 3844 448 3925 preesentibur
461 3851 541 3906 malit
555 3854 688 3905 inveniret
699 3847 872 3903 temedium:
889 3840 947 3901 siras
969 3848 1042 3901 enuit
1055 3849 1100 3900 vi·

73 3942 130 3989 res,
148 3918 496 3997 adverl'utCaneellarium,
514 3924 656 3981 bominem
672 3928 744 3995 juxta
756 3920 867 3979 consilio
879 3920 979 3979 bonurn
997 3942 1026 3977 ac
1040 3942 1102 3977 tna-

72 4020 113 4057 rru
128 3996 275 4067 strenuum,
292 4001 384 4081 populi
395 4016 523 4079 praeterea
535 4000 628 4058 favore
637 4000 665 4056 dt
675 4002 764 4077 Regia
775 3998 936 4056 aridioritate
946 3994 1108 4069 subnixum,

71 4092 174 4159 parum
194 4070 288 4138 firmat
309 4074 489 4139 exisiimabat.
523 4080 664 4215 igginam
678 4074 843 4139 incustodia
863 4074 971 4142 duriter
979 4074 1121 4136 habitam

581 4156 601 4217 d
854 4164 859 4171 ·
1090 4153 1142 4204 ita
