2316 4416
210 457 341 549 Liber
357 454 555 553 Decimio
571 452 754 569 Qiotus.
924 458 1016 573 467„¹

25 582 222 655 :onsultatione,
239 584 308 662 saepe
320 601 399 641 mora
410 576 466 638 fuit
480 580 615 650 silutaris,
631 579 661 639 &
672 579 838 662 praecipitem
858 571 1014 637 festinatio·-

25 683 79 721 iem
92 663 187 722 celeris
197 658 236 716 est
250 658 338 719 secuta
349 659 519 738 punitentia.
560 702 564 711 .

25 740 85 797 LV.
103 737 216 797 Gallicae
237 731 332 794 causlae
354 732 484 792 favebant
510 738 632 816 primum
654 752 748 805 omnes
769 731 888 811 Papani:
907 730 1008 789 deiude

24 814 96 873 llicit
107 812 240 872 beneficiis
256 814 442 893 preoccupati,
460 829 507 868 aut
528 814 557 866 in
572 829 700 888 magnam
723 804 797 887 spem
809 807 1010 881 emolumento-

25 914 45 950 o
59 891 149 950 credi.
188 891 220 945 ln
240 888 291 947 hoc
304 907 401 969 genere
414 884 469 943 fuit
480 886 509 944 ὅ(
521 888 632 944 Protea.
667 888 703 942 Ei
714 883 836 966 promissi
848 902 924 941 erant
933 884 1009 942 redi-

44 972 128 1026 annui
141 965 285 1023 duodecim
299 965 420 1021 millium
438 963 571 1020 librarum
584 964 785 1034 Francicarum,
801 960 829 1019 ἃ
847 960 1009 1042 praelectus-a

27 1063 90 1103 tum
100 1046 223 1124 equitum
235 1038 481 1115 cataplrrablorum.
507 1040 550 1097 Ita
563 1046 592 1097 in
602 1058 697 1095 eorum
710 1044 869 1097 sententiam
879 1034 1009 1119 frequen-

37 1124 109 1178 itum
124 1119 171 1191 ess,
182 1121 232 1198 qui
240 1122 378 1197 Reginam
392 1119 421 1172 in
435 1110 558 1173 Galliam
570 1118 754 1173 amittendam
760 1112 918 1187 ,cpnstbann
948 1117 961 1171 1
984 1119 1008 1169 i-

25 1222 27 1229 i
51 1192 149 1267 classis,
167 1211 227 1274 quat
246 1195 358 1252 adeam
376 1188 563 1257 devehenlam
582 1210 701 1263 venerat,
727 1191 756 1249 dc
780 1194 892 1261 interim
908 1135 1005 1249 Lttfiae

25 1274 80 1345 bat,
97 1269 225 1329 simulato
238 1264 358 1342 discessu,
375 1286 463 1327 totam
476 1270 600 1327 Scotiam
620 1266 810 1341 circumvtbla,
826 1270 1013 1339 Britannum

25 1372 52 1407 m
64 1348 181 1423 appulit.
218 1351 335 1438 Regina,
347 1366 408 1427 quat
421 1346 572 1421 complures
582 1342 685 1403 menses
692 1348 749 1418 ejus
759 1346 905 1403 adventurn
913 1342 1008 1421 eitspe-

25 1443 114 1497 verat,
131 1424 323 1483 comitantibus
338 1423 445 1502 Jacobo
457 1421 552 1495 fratre,
567 1426 675 1503 Joanne
691 1420 837 1493 Areslcino‚
853 1420 882 1477 ὅ(
902 1419 1009 1480 Guliel-

25 1528 31 1558 ι
48 1500 215 1574 Levislonio,
232 1496 404 1559 conscendit:
431 1520 463 1557 ae
477 1498 595 1556 multum
612 1496 816 1571 tempestatibus
833 1495 950 1555 adversis
967 1503 1008 1571 ja-

25 1598 67 1651 ta,
84 1578 196 1636 tandem
220 1583 248 1633 in
262 1578 443 1647 Britanniam,
462 1574 632 1648 peninsulam
646 1572 792 1649 Gallicam,
808 1574 862 1632 suit
876 1574 1009 1649 exposita,

32 1675 66 1713 ue
81 1655 144 1711 inde
157 1656 193 1712 ad
204 1653 297 1711 aulam
308 1652 579 1729 modicisitineribus
593 1650 732 1727 perducit.
754 1696 758 1702 -

53 1732 104 1789 VI.
122 1732 153 1790 ln
164 1732 264 1801 Scotia,
279 1750 340 1789 cum
355 1728 455 1789 bellum
464 1732 501 1787 ad
513 1730 654 1801 ¹lladinaru
666 1722 933 1807 substitissem-uulgus
942 1726 1006 1785 Sco·

25 1830 74 1866 um
89 1805 200 1865 diversis
211 1810 243 1865 in
255 1805 322 1881 locis
336 1808 377 1865 rei
408 1804 517 1865 ereudae
538 1804 787 1867 occafionibusnon
800 1801 896 1862 descrit.
931 1805 1008 1863 Nam

25 1907 44 1943 n
57 1904 90 1942 ex
104 1884 208 1941 Humso
221 1882 249 1943 &
262 1826 421 1943 Faseastello
440 1882 546 1941 arcibus
563 1881 650 1941 hosses
660 1897 829 1941 excurrentes
845 1885 952 1961 magnis
964 1883 1009 1953 in-v

25 1962 137 2019 nmodis
150 1962 251 2019 vicinas
263 1963 386 2041 regiones
401 1956 546 2033 afficerent,
561 1958 674 2020 tandem
692 1958 774 2029 Scoti,
790 1954 944 2029 obstinato,
961 1977 1010 2031 nc-¹

25 2040 133 2117 gentius
145 2041 175 2093 in
187 2036 293 2094 Humio
305 2036 414 2117 uigilias
428 2036 512 2109 obiri,
528 2036 607 2095 nosse
621 2053 670 2111 per
690 2054 799 2109 rupem,
823 2033 869 2091 ubi
882 2031 1009 2104 sciebant,

25 2117 87 2171 ucia
98 2112 162 2186 loci,
179 2116 327 2171 minimam
341 2111 514 2191 diligentiam
528 2110 665 2183 athberi,
681 2114 709 2167 in
728 2108 865 2169 summum
884 2128 1010 2184 penetra-

25 2207 58 2263 ιτ,
68 2209 99 2247 ac
109 2186 182 2249 caesls
194 2188 345 2247 cuslodibus
357 2206 447 2245 arcem
462 2186 576 2247 insuam
589 2188 748 2261 poteslatens
757 2186 928 2267 redegerunt.
949 2189 1008 2244 Nec

36 2264 126 2324 multo
142 2263 210 2340 poll,
227 2286 288 2323 curn
304 2261 446 2337 pras'eslus
460 2260 613 2322 Fascaslelli
625 2260 782 2338 imperasset
793 2265 888 2321 vicinis
901 2267 1009 2343 agrico-

25 2396 27 2401 ,
52 2360 83 2399 ut
105 2361 235 2422 magnam
257 2356 458 2399 commeatuum
479 2342 538 2397 vim
560 2342 597 2400 ad
615 2360 719 2399 eertum
732 2338 1009 2405 dicmadveherent;

25 2439 53 2477 nc
67 2421 155 2476 vicina
173 2422 293 2491 juventus
311 2414 475 2476 occasionem
490 2414 580 2493 nassa,
595 2414 724 2500 frequens
746 2418 784 2473 ad
801 2417 879 2481 diem
900 2416 1004 2476 dissum

25 2498 85 2554 sit:
112 2515 143 2552 ac
164 2491 312 2573 depositae
335 2497 462 2570 jumentis
487 2514 571 2552 onera
592 2515 654 2553 essm
666 2496 694 2551 in
707 2492 834 2551 humeros
846 2490 1010 2566 extulissent,

25 2588 164 2651 pontem,
182 2575 229 2653 qui
244 2572 309 2629 <luas
327 2590 405 2652 rupes
424 2574 585 2649 committit,
601 2576 707 2651 recepti,
725 2591 753 2627 rc
787 2586 831 2627 nte
848 2572 924 2653 quod
936 2569 1007 2629 scre·

25 2666 50 2704 nt
64 2646 180 2722 dejesto,
196 2644 331 2705 custodem
344 2652 393 2730 qui
401 2649 517 2707 aderant
529 2642 605 2727 signo
612 2644 683 2705 'dato
695 2590 836 2704 coissblunt
848 2672 855 2706 ε
874 2667 903 2705 ac
923 2643 1011 2725 prius

25 2746 70 2783 am
95 2723 195 2802 reliqui
208 2724 291 2802 Angli
311 2726 454 2782 convenire
476 2720 589 2807 possent,
619 2722 745 2782 armis&
767 2723 832 2779 locis
852 2729 1009 2803 opportuni·

25 2801 79 2893 bus
97 2803 242 2879 occupatis,
257 2797 364 2881 suisque
386 2820 434 2882 per
444 2818 582 2881 patentem
594 2818 704 2883 portam
725 2801 848 2877 acceptis,
871 2819 930 2857 arce
948 2797 1008 2857 sunt

25 2895 80 2936 tttr.

25 2953 119 3013 LVII.
149 2953 208 3011 Nec
220 2950 378 3009 maritimus
390 2953 493 3007 interea
504 2951 660 3034 Anglorum
679 2954 807 3013 exercitus
819 2954 928 3033 quieuit
940 2973 947 3009 t
966 2968 1011 3009 to-

24 3032 100 3089 enim
110 3028 240 3087 terrestris
251 3024 315 3085 belli
327 3026 400 3085 molt
410 3024 551 3087 Hadinam
561 3026 646 3101 versa,
654 3036 792 3111 proximas
803 3032 926 3103 regiones
939 3051 1010 3109 proe-

27 3111 57 3166 io
69 3106 183 3165 nudatas
198 3105 261 3175 rati,
279 3102 395 3162 hostium
410 3102 487 3161 duces
500 3106 528 3161 in
541 3102 668 3164 Pisanum
682 3128 779 3187 agrum
791 3105 949 3165 clesiendere
961 3109 1008 3164 de·

25 3199 137 3241 ¹verunt.
176 3183 276 3261 Igitur,
293 3200 352 3239 cum
366 3180 458 3261 aliqua
472 3182 572 3262 oppida
584 3185 725 3243 maritima
737 3180 936 3241 habitatoribus
953 3184 1010 3241 sic·

25 3262 99 3318 entia
113 3258 289 3337 pratervesli,
306 3255 342 3314 ad
356 3254 459 3315 Fanum
475 3256 605 3331 Miniani,
629 3263 718 3317 vicum
739 3258 804 3317 satis
826 3256 1008 3338 frequentem,

25 3335 157 3417 pulerunt,
175 3353 205 3392 ut
217 3336 290 3401 inde,
309 3334 428 3391 terrestri
440 3336 548 3409 itinere,
559 3338 596 3393 acl
606 3335 752 3395 immunita
763 3336 885 3418 quidem,
895 3334 940 3394 sed
950 3358 1010 3393 ma·

25 3434 56 3484 a,
73 3410 102 3469 ὃ(
115 3418 143 3467 in
157 3412 254 3491 quibus
266 3411 427 3488 diripiendis
437 3413 523 3485 majus
535 3417 753 3492 operaepretium
765 3410 840 3479 essct,
850 3431 989 3493 pergerent
1000 3428 1008 3477 ;

25 3487 104 3547 cobus
118 3488 249 3559 Stuartus,
267 3488 383 3565 Reginae
399 3486 494 3559 frater,
519 3508 625 3568 accepto
643 3491 771 3558 tumultu,
792 3486 847 3569 ipse
858 3476 918 3545 cum
931 3489 1008 3568 plebe

28 3568 58 3623 ni
71 3563 201 3631 Andreae,
219 3564 247 3621 dt
260 3566 348 3642 paucis
362 3568 409 3644 qui
428 3561 505 3619 domi
524 3566 613 3624 ccliiii
627 3582 705 3622 erant
716 3565 827 3635 civibus,
844 3584 876 3620 eo
888 3570 1012 3635 accurrit,

25 3639 201 3717 precantibus
213 3639 238 3697 se
252 3640 288 3696 ad
307 3636 412 3697 famam
444 3638 518 3697 aslim
532 3644 635 3700 vicInis.
672 3641 770 3723 Angli,
786 3645 840 3713 jam
865 3642 892 3697 in
904 3658 1009 3699 tetram

24 3714 96 3785 rcsll,
112 3721 217 3774 circiter
231 3718 266 3775 ad
286 3714 364 3774 mille
376 3716 406 3773 dt
419 3659 537 3788 lucenti,
564 3718 599 3777 ad
619 3736 736 3798 putenam
758 3714 877 3775 instructi
889 3714 1011 3776 stabant:

29 3812 106 3853 metu
121 3793 319 3865 machinarum,
337 3813 403 3873 quas
422 3792 561 3851 enavibus
579 3792 763 3875 exposuerant,
788 3792 932 3867 agrestium
954 3812 1013 3851 tut-

27 3894 57 3929 m
77 3867 157 3927 facile
170 3870 340 3949 dissipabant.
379 3868 493 3941 lacobus
510 3888 613 3943 autem,
630 3886 735 3929 terrore
753 3870 930 3949 suq'xcnt'tum
943 3873 1026 3947 quus-

25 3971 47 4005 n
61 3943 216 4026 compressa
234 3964 310 4005 tanto
324 3939 427 4028 imp'ctu
443 3952 471 4005 in
484 3945 594 4009 bnslem
607 3952 708 4021 irruit,
719 3969 768 4021 ut,
783 3943 1054 4030 quamuistusbm

25 4042 83 4076 rere
93 4021 232 4079 collcdlam
246 4045 349 4105 magna
364 4047 400 4084 cx
412 4046 493 4108 parte
507 4024 606 4090 secum
614 4028 756 4103 baberet,
764 4011 1079 4085 sternumentum-

25 4094 220 4177 streugam,
239 4118 328 4184 atque
340 4100 463 4174 indead
477 4130 695 4197 maremagna
706 4128 781 4173 cum
792 4086 1098 4214 cadecomulffi
