2316 4416
933 470 943 491 Ι

68 496 147 582 192
368 468 524 557 Rertert
547 468 785 557 deditarum

63 598 106 729 pis
117 606 265 675 occupatae.
299 590 344 651 ita
363 590 504 651 &neom
523 592 679 651 iuilorr‘ei
697 590 862 653 satereian
884 590 997 655 fauno
1033 598 1080 657 No

76 692 117 729 mc
129 672 227 747 injuria
237 684 386 761 concentus,
402 688 450 759 per
461 670 574 727 idoneor
585 666 719 743 hmines,
734 674 786 761 qui
797 670 1009 731 Milcelumbum
1019 676 1080 733 edm

66 770 98 807 ac
109 748 245 808 volentem
256 762 301 803 tot
311 748 467 825 regionibus
477 742 572 803 cellisse
579 748 709 819 dicerent,
724 754 828 805 civium
836 748 933 807 odium
945 747 1080 808 vebum

66 844 109 882 ter
120 846 185 905 erga
196 844 259 882 etun
269 821 407 880 accendit:
424 824 496 880 adeo
503 841 535 881 ut
545 824 660 883 domurn
672 820 821 897 reversum,
831 824 939 883 Berthae
948 824 1079 885 obsessum

66 922 134 1035 rr:
144 897 675 1035 partiat
686 898 822 1035 stu
834 898 1080 1037 taliata

66 1001 285 1111 “afraudblenter
296 1055 382 1107 etiam
395 1048 430 1109 ab
442 1052 563 1111 ilenrico
574 1018 665 1112 veto}
677 1056 845 1133 patrimonio
855 1001 977 1125 exutuni,
987 1056 1005 1078 ”
1023 1022 1080 1135 ’pro

66 1150 140 1239 ⁴cerer
159 1134 186 1187 ei
202 1128 323 1207 audieret
335 1122 455 1202 suerunt,
483 1131 503 1163 “
517 1130 618 1211 Utper
636 1132 696 1191 rim
712 1130 803 1191 ablata
813 1130 882 1209 iulio
901 1135 1003 1214 pioque
1019 1131 1080 1191 bell

78 1209 133 1265 ‘re
168 1222 245 1263 teret.

109 1227 187 1341 abl
204 1282 246 1340 Ex
258 1278 309 1339 hoc
319 1281 426 1339 decreto
433 1278 536 1341 bellum
545 1280 795 1356 moreumac'mn
810 1278 866 1341 line
874 1285 982 1363 magnit
992 1278 1080 1339 utrius

70 1379 125 1440 que
138 1362 226 1439 gentis
235 1358 416 1415 incommodis
426 1360 539 1437 gelium.
576 1358 706 1417 Tandem
717 1380 779 1417 orm
798 1362 888 1440 Reges
899 1378 953 1416 oon
966 1359 1080 1433 procul:

69 1436 198 1495 Carleolo
211 1436 248 1493 ad
257 1432 424 1526 colloquium
433 1430 625 1506 convenissent,
641 1434 702 1509 poli
720 1434 838 1493 multam
859 1432 1079 1511 disceptationem

69 1516 211 1586 litoricur,
226 1510 359 1569 Cumbrra
371 1508 401 1569 dt
412 1512 601 1569 llundintonia
616 1509 797 1571 Miloolumbo
807 1512 921 1585 reliffls,
935 1510 1078 1571 Nerthum

71 1590 161 1648 briam
174 1591 300 1647 ademit:
319 1586 413 1669 Anglo
432 1588 537 1647 nullum
547 1588 624 1645 aliud
635 1591 676 1663 jur
694 1584 841 1663 cupiditati
851 1587 905 1647 suae
918 1589 1078 1663 praetendere

69 1683 109 1738 te,
125 1662 186 1736 nisi,
203 1666 222 1697 “
237 1660 325 1741 Quod
337 1680 442 1723 tantam
456 1667 568 1741 imperii
580 1662 621 1721 sui
634 1666 845 1723 diminutionem
858 1666 917 1739 pati
929 1684 984 1723 non
997 1663 1080 1740 pollet

71 1744 185 1811 Verum,
201 1760 262 1797 cum
275 1758 364 1821 neque
383 1744 448 1813 jurir
467 1742 628 1812 reverentia,
644 1760 733 1823 neque
752 1740 832 1817 posia
843 1742 873 1799 δι
883 1760 1027 1815 conventa,
1043 1760 1080 1799 ne

72 1838 125 1899 que
136 1815 309 1899 jurisjurandi
329 1811 467 1889 sinaitas,
482 1818 569 1897 Angli
589 1818 750 1893 inexplebili
770 1818 903 1875 aviditati
925 1816 1080 1877 obsrslerenr

73 1894 159 1951 homo
179 1890 269 1967 pusilli
288 1891 386 1965 animi,
401 1894 432 1952 de
449 1898 524 1969 pacit
540 1896 624 1951 nimis
640 1894 764 1969 cupidus,
779 1894 965 1952 conditionem
979 1897 1080 1969 accepit

71 1966 183 2028 adversi
195 1966 225 2025 &
237 1966 400 2025 reclamante
410 1970 567 2029 Nobilitate
579 1970 692 2042 Scotioa,
709 1990 771 2052 quae
790 1968 915 2050 negabat,
943 1972 963 2003 “
976 1974 1027 2049 Jtu
1038 1968 1080 2029 eli

71 2052 90 2079 “
105 2049 177 2127 Regi
188 2046 334 2125 quicquam
346 2046 381 2101 de
393 2044 491 2103 finibus
502 2067 531 2104 te
550 2048 580 2103 ni
592 2046 744 2117 detrahere,
761 2044 812 2103 nili
836 2045 961 2103 omnibus
973 2048 1080 2105 Ordini

70 2128 93 2175 ‘s
105 2124 151 2181 bor
162 2117 394 2179 consentientibus.
431 2124 472 2179 Ex
485 2142 519 2180 eo
529 2068 590 2181 {ex
603 2144 619 2179 a
632 2119 684 2180 suit
696 2127 835 2181 contemni
847 2126 941 2196 coepit,
959 2140 990 2178 ut
1001 2143 1080 2205 nequi

72 2200 234 2257 sortitodine
246 2216 293 2253 nec
305 2199 446 2271 prudentia
461 2200 496 2256 acl
510 2201 708 2257 moderandum
723 2203 869 2272 imperium
883 2200 1003 2255 idoneus.
1035 2202 1080 2259 Ne

74 2298 128 2357 que
141 2280 285 2357 quicquam
299 2293 377 2355 aeque
388 2280 495 2333 animos
514 2276 657 2335 hominum
673 2273 837 2333 ferociorum
851 2275 996 2332 aeumultu
1016 2274 1080 2333 coiri

75 2354 144 2422 buit,
163 2372 192 2407 ac
207 2352 295 2423 major
307 2370 394 2407 metus
413 2352 447 2408 ab
462 2352 564 2433 Anglo,
582 2372 677 2431 quem3
694 2348 794 2408 fretum
810 2350 979 2429 simplicitate
992 2350 1080 2409 Miluo

73 2428 172 2498 lombi,
188 2426 216 2485 dt
230 2431 352 2499 potentia
371 2426 563 2501 transmarina,
581 2434 699 2499 imperio
709 2431 791 2483 torius
806 2424 898 2486 insuite
911 2428 1080 2499 potiundicu

75 2506 171 2579 pidum
194 2499 399 2575 perspiciebant.
435 2505 490 2561 llic
501 2502 687 2561 universorum
699 2524 764 2582 erga
777 2507 883 2584 Regem
896 2502 1006 2561 assedus
1018 2500 1080 2561 feeit

74 2599 104 2637 nt
119 2577 214 2655 singuli
227 2583 406 2636 reuerentiam
418 2580 530 2653 imperii
540 2578 646 2637 facilius
657 2579 812 2651 abjicerent.

114 2657 206 2713 XLll.
223 2656 335 2713 Initium
348 2655 500 2713 rebellandi
512 2656 614 2713 failum
628 2654 664 2711 ell
677 2656 711 2713 ab
731 2652 861 2727 Anausin,
878 2650 921 2709 stu
933 2656 1026 2725 potior
1039 2654 1080 2713 AE

75 2750 126 2788 nea
146 2730 353 2803 Gallovidiaoo,
369 2731 481 2789 homine
495 2734 606 2815 quidem
622 2749 741 2804 potente,
759 2720 804 2789 sed
826 2735 874 2813 qui
895 2727 953 2801 spei
970 2729 1032 2860 plut
1050 2747 1080 2787 ta

75 2828 140 2867 tncn
154 2816 182 2864 in
191 2813 276 2881 Regis
289 2812 400 2885 ignavia
414 2828 497 2889 quam
508 2807 561 2866 suit
573 2809 675 2865 viribus
686 2810 835 2877 collocaret.
872 2806 969 2861 Adver
980 2826 1012 2863 us
1025 2802 1080 2863 lrun

77 2881 169 2941 missio
181 2883 361 2955 Gilchrislius,
376 2886 463 2941 tribus
476 2886 578 2959 prtrliis
590 2884 704 2956 vidium,
722 2887 749 2940 in
761 2882 879 2943 cernobii
892 2880 1029 2940 candidae
1038 2882 1080 2939 Ca

75 2959 229 3036 stasilum
244 2980 306 3016 eum
318 2962 460 3033 compulit.
499 2962 581 3017 Unde
603 2982 662 3018 curn
688 2959 860 3017 abstrahendi
880 2962 918 3029 jur
941 2976 996 3013 non
1019 2956 1080 3015 esl'et

75 3056 202 3093 omnium
225 3056 313 3092 rerum
338 3040 431 3109 inopia
451 3056 485 3091 cx
507 3038 633 3095 diuturna
656 3034 797 3092 obsidione
809 3040 844 3095 ati
857 3029 1044 3105 paciscendum
1058 3038 1080 3091 el

75 3118 201 3169 coaetus:
222 3111 277 3184 ipsc
301 3133 430 3191 agrorum
453 3131 531 3186 parte
553 3114 589 3171 est
611 3113 750 3185 multatur,
766 3114 795 3170 dt
819 3113 890 3170 silius
912 3108 989 3166 obser
1008 3112 1080 3166 darn!

78 3189 156 3245 lione
173 3192 396 3245 imminutionem
411 3192 508 3261 prioris
521 3190 718 3251 maenitudinis
735 3210 797 3246 cum
816 3192 901 3246 elatus
914 3188 1021 3241 animus
1040 3204 1080 3243 noi

78 3261 170 3336 secret,
188 3261 259 3320 rasus
281 3268 308 3320 in
331 3266 484 3322 coenobium
504 3252 675 3337 lidimburrqo
688 3269 872 3344 propinquum
884 3259 910 3317 se
924 3282 940 3318 a
952 3256 1078 3335 conspe&

77 3340 235 3398 &ludibrio
253 3339 396 3397 hominum
410 3340 527 3399 abdidit.
564 3346 622 3400 Nec
634 3346 662 3397 in
675 3339 780 3398 diversa
795 3347 871 3403 reeni
885 3356 963 3411 parm
972 3338 1080 3396 Moraui

79 3415 162 3489 enses,
180 3416 304 3473 homines
318 3420 443 3497 inquieto
454 3416 561 3490 semper
573 3421 692 3487 ingenio,
708 3416 762 3473 sea
782 3406 859 3476 rebus
877 3419 956 3471 novis
972 3420 1080 3472 continu

78 3514 166 3551 crunt.
202 3491 321 3551 Gildone
332 3499 416 3565 enim,
432 3490 475 3550 stu
486 3496 574 3549 verius
585 3493 783 3564 Gildominico,
803 3496 878 3565 duce,
896 3511 950 3547 non
960 3493 1046 3551 modo
1056 3512 1080 3550 tt

79 3574 174 3647 triones
191 3590 285 3626 omnes
297 3574 468 3627 circumcirca
482 3571 641 3641 depopulati
654 3567 722 3635 suot,
738 3569 783 3626 scd
799 3566 928 3637 fercialcr,¹
945 3568 980 3624 ad
993 3566 1080 3626 semis

78 3646 130 3716 fin,
149 3648 286 3703 barbarica
299 3646 460 3703 crudelitate
470 3645 664 3703 interfecerunt.
701 3647 835 3704 Atluersur
848 3647 897 3705 lior
909 3664 1019 3725 quoque
1032 3644 1080 3703 mil

79 3722 121 3780 sor
131 3720 312 3793 Gilchristiur‚
330 3725 433 3791 maiore
447 3723 557 3803 quidem
570 3744 630 3779 cum
643 3727 770 3787 exercitu,
786 3724 832 3781 secl
853 3722 960 3794 dispare
980 3718 1080 3778 foretne

80 3800 107 3853 V
111 3806 173 3855 irtnt
186 3802 258 3855 enim
272 3796 432 3869 adversarii,
450 3819 510 3877 quer
523 3798 693 3855 aliirterrori
709 3798 763 3857 ess'e
782 3799 858 3868 solet,
875 3800 999 3857 homines
1020 3798 1080 3856 sctle

77 3876 141 3943 slot,
158 3875 185 3931 ὅ(
201 3877 267 3953 quid
280 3872 498 3932 commeruissem
510 3895 617 3945 anatot,
634 3872 776 3939 desperare
790 3879 823 3933 cle
840 3876 924 3935 inore
932 3880 1033 3953 coegit.
1068 3876 1080 3932 l

82 3954 166 4027 gitur,
185 3952 249 4007 dum
274 3950 379 4007 student
400 3970 434 4007 ne
457 3951 536 4007 inulti
554 3953 663 4013 cadant,
680 3949 754 4009 hosio
772 3952 930 4029 profligato,
947 3948 1080 4023 superiore

79 4025 208 4084 erodunt.
244 4026 446 4097 Milcolombus‚
464 4027 510 4084 ubi
526 4026 632 4086 cladem
644 4026 752 4085 suornm
773 4029 889 4099 rescivit,
905 4024 1032 4097 suppleto
1051 4046 1080 4083 ex

67 4106 158 4162 ert-itu
172 4110 260 4163 reteri
271 4104 467 4166 inMoraeiom
481 4104 566 4167 duxit.
602 4104 650 4165 Ad
667 4102 752 4187 Spart
766 4105 886 4170 siuntinit
906 4102 1018 4177 ollium,
1035 4104 1080 4161 Mo

967 4176 1080 4243 terimi<
