2316 4416
270 464 409 557 Liber
435 470 633 558 Decimus
648 472 841 585 secantes.
994 504 1075 585 433

43 600 68 634 “
85 598 127 653 ris
148 594 178 653 &
196 596 272 655 Noui
281 593 451 653 Testamenti
465 595 549 653 libros
560 594 737 668 consudare,
754 598 788 654 de
801 594 938 655 Pontificis
948 602 1079 671 potestate

43 676 69 709 “
84 668 225 731 sermones
236 666 334 742 serere,
351 668 507 753 veteresque
520 674 587 743 ritus
608 670 730 733 Ecclesue
742 674 949 743 contemnendo,
966 674 1080 765 religio-

44 754 69 783 “
87 746 123 879 gis
136 744 303 878 hopninilus,
319 768 351 805 ae
368 748 429 805 Deo
439 742 562 819 somatis,
579 767 659 805 omne
673 747 834 833 obsequium
852 769 884 808 ac
895 767 1078 809 reverentiam

15 876 19 882 .
43 828 67 861 “
110 840 168 879 etra
189 842 242 880 ere.

97 898 189 957 Lvsl
207 900 274 955 Haec
284 917 346 957 cum
359 896 402 955 illi
413 894 587 973 vehementer
599 918 735 979 urgerent,
753 900 831 959 datus
843 898 881 957 est
889 904 929 957 'eis
940 900 1031 974 judex,
1043 922 1077 957 es·

47 977 147 1042 animi
166 970 305 1044 sententia,
321 974 632 1066 Jacobusllamiltonius
642 975 749 1047 nothus,
767 974 886 1033 Comitis
895 976 1006 1035 Aranim
1020 976 1077 1036 sru-

46 1069 110 1123 ter,
127 1048 223 1108 multis
238 1048 432 1129 largitionibus
451 1068 514 1106 ante
532 1051 571 1107 eis
583 1050 725 1124 obnoxius,
740 1050 769 1108 de
804 1052 843 1122 ui,
860 1050 978 1109 facinore
991 1075 1077 1132 quun·

45 1124 284 1199 tumuiscntdeli,
300 1128 385 1205 Regis
397 1130 533 1197 animum,
550 1126 709 1199 jamdudum
723 1126 794 1185 offen
807 1148 864 1198 um,
882 1125 931 1186 fibi
950 1130 1077 1187 corallis--

47 1222 84 1269 re
98 1218 218 1279 cuperet.
257 1202 377 1259 Venerat
397 1206 427 1261 in
444 1202 575 1277 Seotiam,
590 1204 659 1261 circa
675 1204 748 1260 idem
763 1221 879 1275 tempus,
895 1206 1009 1285 Jacobus
1019 1206 1076 1262 lla-

15 1288 19 1299 '
48 1274 213 1349 mileonius,
231 1272 379 1351 limnuclsi
399 1294 578 1336 conventuum
591 1278 766 1351 juridicorum
780 1276 931 1353 presedere,
949 1282 1078 1363 idemque

45 1352 202 1428 superioris
210 1352 310 1433 Jacobi
319 1351 404 1411 frater
415 1352 554 1429 patruelis.
580 1350 627 1427 ¹Is,
638 1356 699 1429 {rost
710 1354 866 1413 diuturnum
878 1356 1002 1427 exilium,
1014 1378 1076 1415 cum

48 1426 329 1511 adversissJacobum
350 1426 466 1487 nothum
486 1428 617 1487 indicium
637 1428 702 1488 esset
720 1426 861 1507 professus,
879 1434 1027 1507 impetrato
1047 1437 1081 1491 in

49 1508 182 1583 petriam
193 1506 230 1563 ad
242 1521 348 1579 tempus
360 1506 460 1577 reditu,
477 1526 508 1565 ac
521 1502 669 1578 intelleilo,
686 1509 715 1563 in
724 1524 828 1589 quanto
840 1502 997 1567 discrimine
1011 1507 1079 1585 ipse,

48 1600 111 1639 tana
122 1600 187 1639 cum
199 1584 301 1640 steteris
321 1583 440 1655 purioris
458 1580 588 1641 doarioae
608 1580 740 1654 studiosis,
757 1582 915 1656 versaretur,
934 1582 1020 1643 filium
1040 1589 1078 1643 ad

49 1660 177 1735 Regem,
194 1654 326 1715 inFisam
339 1654 565 1729 transmissurum,
581 1654 665 1731 milit,
698 1662 736 1729 ui,
753 1676 815 1716 eum
825 1658 919 1715 nasius
930 1678 1079 1743 antequam

48 1732 214 1793 nauculam
232 1730 427 1803 conscenderet,
441 1734 552 1809 trepido
572 1738 669 1792 nuncio
708 1742 840 1807 ominem,
857 1733 961 1817 alioqui
982 1755 1080 1794 natura

47 1802 243 1883 suspiciosum,
261 1810 399 1883 implevit,
415 1810 435 1841 “
445 1812 517 1868 Rem
530 1804 583 1867 else
593 1808 751 1883 capitalem,
768 1810 797 1869 ἀ
808 1815 862 1867 toti
874 1830 959 1891 regno
973 1816 1079 1887 pericu-

20 1886 73 1919 ·1‘
88 1880 188 1954 losam,
206 1880 256 1941 nili
272 1883 333 1943 Rex
350 1882 475 1945 adversus
488 1882 674 1944 insidiatorem
688 1883 791 1943 facinus
803 1888 969 1959 occuparet.''
1007 1890 1079 1957 Rex,

49 1963 109 2043 qui
120 1978 181 2019 turn
194 1962 224 2019 in
245 1958 336 2019 filant
356 1960 530 2037 properabat,
547 1963 669 2035 juvenem
689 1958 791 2020 remisit
811 1960 1024 2041 Edimburgum,
1041 1966 1080 2021 ael

49 2055 235 2105 conventum,
251 2058 332 2117 quem
343 2037 513 2095 scaccarium
526 2057 630 2096 vocant.
657 2038 702 2095 lbi
711 2039 854 2097 convenire
865 2036 933 2112 jussit
944 2040 1078 2116 jacobum

51 2108 286 2185 Lermontlrium,
312 2112 446 2193 Jacobum
465 2112 641 2183 Kirradium,
668 2133 699 2171 ac
724 2112 867 2171 Thomam
892 2112 1081 2174 Areskinum:

49 2208 179 2271 quorum
204 2189 308 2261 primus
326 2206 385 2246 erat
397 2184 513 2245 famili-m
526 2186 676 2262 praeseClus,
693 2188 762 2246 alter
774 2186 904 2265 Qeaellor
935 2192 1081 2249 rimarios:

49 2280 184 2323 mentera
198 2263 332 2339 religione
345 2266 454 2335 puriore
476 2262 594 2323 alienus:
613 2268 707 2321 tertius
727 2266 863 2339 Papiliieae
875 2208 985 2323 srslloni
1000 2267 1082 2322 dedi-

48 2336 226 2412 risurus&
246 2342 318 2421 Regi
339 2338 373 2396 ab
393 2340 521 2413 epillolis.
559 2338 606 2395 Eis
618 2340 778 2412 mundabat,
795 2342 814 2373 “
831 2340 870 2397 Ut
883 2344 979 2397 nuncio
1001 2362 1081 2423 eque

48 2418 73 2451 “
89 2434 195 2475 certem
206 2414 337 2473 haberent
359 2414 454 2487 fidem,
471 2437 501 2473 ae
523 2412 543 2473 st
563 2412 621 2489 ipse
642 2413 757 2489 praesens
771 2414 867 2473 eadem
882 2421 1030 2488 narraret,”
1048 2440 1080 2475 ac

50 2490 193 2553 annulum
205 2511 310 2565 notum,
328 2492 361 2548 de
375 2492 465 2571 digito
477 2488 641 2562 detraslum,
654 2509 704 2565 pro
716 2490 813 2549 tessera
823 2490 858 2549 ad
872 2512 917 2549 eos
929 2490 1011 2549 milit.
1028 2494 1083 2565 lli,

48 2564 173 2629 consilio
184 2572 254 2626 inter
266 2567 292 2626 se
304 2566 513 2641 communicato,
528 2566 661 2649 Jacobum
672 2572 728 2641 jum
738 2564 874 2643 pransum,
892 2565 962 2627 aesc
980 2568 1015 2626 ad
1028 2572 1082 2627 iter

51 2642 267 2717 expedientem,
284 2644 362 2703 domi
372 2641 424 2702 sue
437 2642 680 2721 comprehendunt,
697 2643 725 2701 &
740 2647 767 2700 in
779 2663 870 2701 arcem
882 2644 950 2701 dane
966 2642 1084 2702 custodi-

50 2722 179 2781 endum:
201 2718 251 2794 ipss
264 2741 324 2777 eum
338 2739 386 2793 per
400 2721 582 2789 exploratores
593 2716 792 2793 comperissent,
809 2722 886 2797 Rege
898 2739 1018 2791 exorata,
1037 2722 1083 2777 ‹li-

50 2792 176 2859 mill'um
194 2800 240 2866 iri,
258 2814 357 2865 praeter
379 2796 517 2868 publicum
540 2796 699 2869 periculum,
717 2801 801 2855 ctiam
822 2794 870 2853 libi
883 2814 1040 2861 metuentes,
1059 2796 1079 2853 li

51 2874 149 2934 lromo
168 2868 294 2931 factiosus
312 2870 341 2925 ὅ(
355 2888 458 2942 potens,
476 2892 506 2929 ac
518 2887 593 2929 tanta
608 2876 759 2945 ignominia
780 2870 919 2942 lacellitus,
937 2872 1082 2931 incolumis

50 2949 200 3019 evaderet,
217 2965 270 3005 non
295 2948 393 3025 ignari,
410 2968 493 3025 quam
506 2946 599 3023 acerbe
611 2947 794 3005 &crudeliter
806 2946 957 3005 vladislam
976 2967 1082 3004 exerce-

49 3042 113 3097 ret,
124 3020 236 3083 ¹stusrrna
258 3021 396 3081 celeritate
415 3028 444 3079 in
462 3020 554 3081 aula'm
574 3020 707 3095 proveiii,
724 3020 886 3080 discriminis
899 3020 1083 3096 presentiam,

52 3102 203 3173 ingenium
219 3118 344 3173 pravum,
361 3100 485 3156 animum
503 3116 605 3170 acrem,
621 3096 749 3177 opesque,
767 3100 860 3155 omnia
873 3096 1084 3179 quarssuspici-

50 3174 180 3239 olilstme
194 3174 311 3249 possunt,
326 3178 355 3233 in
375 3176 462 3247 majus
483 3190 620 3251 augentes,
636 3176 686 3249 Re¹
702 3177 709 3229 i
732 3170 926 3249 persuaserunt,
942 3176 1014 3234 “Nc
1029 3175 1081 3233 lso·

48 3260 73 3291 “
93 3256 209 3325 minem,
227 3255 301 3325 juxta
313 3250 442 3308 callidum
455 3250 483 3307 ὃ(
496 3252 636 3320 audacem,
648 3249 682 3307 ad
718 3272 755 3309 uc
767 3252 919 3325 ignominia
933 3254 1085 3323 irritantm,

50 3336 75 3367 α
94 3324 198 3387 indiila
218 3326 316 3395 causs'a,
333 3326 486 3385 liberaret.”
523 3328 613 3407 Igitur
620 3328 680 3383 Rex
691 3326 901 3396 Etllsnbumum,
918 3346 949 3383 nc
968 3328 1031 3383 inde
1044 3328 1082 3385 atl

10 3456 12 3461 .
54 3408 205 3465 §cronium
230 3400 375 3475 prolestus,
393 3402 524 3481 Jacobum
548 3402 583 3459 etl
604 3401 722 3473 cpussrm
736 3388 880 3459 dicendam
892 3407 983 3475 promi
998 3404 1084 3471 julssse

52 3504 103 3550 ac,
121 3480 223 3555 judicio
236 3500 311 3536 more
326 3485 416 3551 patrio
427 3478 582 3549 constituto,
600 3480 760 3535 damnatum
781 3482 871 3549 eapite
891 3478 1033 3538 multavit:
1051 3478 1082 3534 de

52 3574 176 3629 corpore
192 3554 249 3627 poll
269 3562 386 3612 mortem
401 3556 527 3622 lacerato,
545 3572 634 3626 partes
646 3556 702 3623 ejus
716 3556 743 3610 in
755 3554 867 3628 publicis
880 3554 951 3611 urbis
965 3554 1029 3611 locis
1039 3551 1084 3609 su-

54 3630 174 3709 spensa.
212 3632 339 3687 &imina
360 3629 485 3689 adversus
506 3634 611 3708 Regem
635 3628 755 3701 objella;
781 3628 914 3707 “-Qsotl,
931 3647 1006 3685 certo
1027 3630 1085 3699 die,

54 3714 77 3745 ‘⁸'
94 3704 208 3765 csl'raslo
229 3706 360 3773 cubiculo,
378 3710 482 3775 Recens
506 3706 640 3762 truci-lare
658 3704 848 3763 constituisset:
867 3706 1013 3785 quodcum
1024 3705 1085 3761 Du·
1106 3742 1111 3753 ι

50 3792 76 3850 ,“
92 3780 206 3863 glaffiis,
223 3780 341 3839 lrnllilsus
358 3782 481 3855 publicis,
499 3780 596 3839 secreta
616 3778 725 3839 conlllia
738 3778 991 3845 communicallct.”·
1016 3780 1085 3850 Ejus
1114 3798 1148 3835 ⁶¹·

56 3878 149 3929 mors,
167 3859 201 3915 nb
214 3856 338 3917 scelerate
351 3858 439 3917 ailam
454 3860 619 3919 superiorem
630 3859 729 3927 vitam,
741 3862 832 3931 paucis
844 3856 935 3913 atnrlit
946 3856 1086 3929 clebrem,

57 3954 248 4015 praeterquam
261 3934 458 4007 propinquis&
470 3928 636 3993 stcertlotum
650 3934 751 4005 ordini,
768 3938 814 4005 qtti
828 3937 856 3991 in
871 3936 926 4001 ejus
937 3934 1086 3989 incolumi-

56 4031 119 4075 tate
133 4031 242 4073 omnem
257 4028 343 4089 prope
354 4011 459 4071 serarum
474 4008 644 4070 fortunarum
655 4008 730 4087 spem
742 4013 911 4077 sellueasane.

79 4116 82 4121 ·
519 4090 548 4147 O
566 4104 584 4148 ο
911 4082 1035 4143 mm,
1051 4078 1101 4139 Nx
