2316 4416
240 428 370 517 Liber
394 432 542 518 Sextus.
824 436 903 548 16'9

25 566 69 607 uto
91 562 185 607 arenas
207 554 351 621 excitante,
376 544 433 605 olle
456 548 614 631 plerumque
634 550 771 609 nudantur
792 556 900 629 majore

25 626 139 683 illatura
150 624 296 681 hominum
309 624 385 697 hujus
398 632 496 682 ceratis.
777 694 781 701 Ι
882 646 886 653 ·

25 722 50 760 tc
60 699 274 757 ltaccalamitate
282 694 487 773 Suenofrudtut,
502 696 642 757 canutum
655 696 744 757 fillum
752 720 814 759 cum
825 722 899 761 novo

25 796 42 833 tt
60 776 181 833 Scotiatn
202 778 300 832 mittit.
335 774 472 832 Adversus
490 773 570 847 hunc,
587 774 711 855 expolitis
723 776 857 835 militibus
871 782 902 836 in

31 853 136 933 praedat
155 870 291 931 agentem,
309 849 512 923 Mileolumbus‚
528 852 649 908 nondum
670 869 703 909 ex
720 851 901 932 superioribus

25 924 122 985 borum
145 928 246 985 viribus
270 922 387 999 resectis,
402 944 463 983 curn
485 930 603 984 exercitu
623 931 714 988 venit:
731 948 762 986 ec
780 930 902 987 nondum

25 1024 83 1063 unae
95 1021 155 1059 tem
168 1007 339 1059 committere
351 999 437 1074 ausus,
454 1006 592 1077 optimum
608 1002 711 1077 statuit,
726 1004 829 1063 hostem
850 1024 904 1081 po-

37 1076 194 1153 prohibere,
212 1098 242 1135 ac
253 1078 358 1135 levibus
367 1078 559 1136 certaminibus
570 1076 699 1159 fatigate,
713 1076 821 1155 sperans
831 1080 902 1154 fote,

27 1157 57 1212 in
80 1153 170 1212 alieno
190 1173 267 1231 agro,
283 1152 404 1210 cladibus
417 1152 482 1211 belli
495 1152 608 1225 vallato,
624 1174 655 1211 ac
665 1158 720 1231 jam
735 1176 801 1237 pene
813 1154 903 1215 deser-

25 1236 170 1289 tomnium
191 1230 284 1303 lnotiia
299 1228 443 1287 laboraret.
479 1230 513 1288 Id
537 1228 676 1287 confilium
699 1251 759 1289 curn
816 1234 903 1291 rali-

46 1302 139 1362 suillet
159 1300 271 1377 seeum,
288 1308 388 1375 evenit,
406 1322 446 1376 ut,
462 1302 537 1361 hoste
548 1310 666 1386 cognito,
683 1304 755 1363 Scoti
765 1248 818 1367 ldis
830 1312 903 1367 viri·

25 1402 48 1439 ts
69 1378 232 1452 diffiderent,
248 1398 330 1461 atque
350 1397 462 1463 uterque
474 1385 604 1439 exercitus
616 1396 702 1455 prope
723 1388 784 1455 pari
804 1388 901 1459 inopia

25 1476 62 1513 ur.
98 1458 186 1537 Igitur
198 1456 323 1513 omnibus
340 1452 444 1535 fignnm
458 1474 556 1536 pugne
566 1454 693 1513 ferociter
704 1456 903 1539 flagitantibus,

25 1548 102 1605 retur,
120 1550 177 1606 pree
194 1529 389 1603 l'esetentibut,
406 1535 603 1605 imperatorum
614 1528 711 1603 injulsu
722 1552 902 1615 pugnaturos,

25 1608 78 1667 rbus
99 1603 158 1665 suos
179 1609 207 1663 in
231 1611 316 1665 aciem
339 1607 436 1663 educit.
472 1604 625 1666 Commissa
641 1625 741 1687 pugna,
757 1616 797 1669 ira
810 1608 840 1667 dt
852 1612 903 1668 de·

25 1684 143 1741 tultima
157 1699 214 1739 tarn
229 1686 402 1756 pertinaciter
420 1681 458 1743 ,cst
470 1702 611 1755 certatum,
629 1701 659 1739 ut
670 1700 763 1743 neutra
776 1703 839 1759 pars
852 1686 901 1747 lae·

25 1779 82 1819 eret.
119 1759 156 1814 Et
165 1777 320 1849 quanquam
330 1758 453 1816 vieioriae
466 1778 565 1815 nomen
577 1760 650 1835 apud
663 1756 755 1817 Scotot
766 1758 841 1833 diet,
857 1779 903 1819 ta-

25 1854 74 1915 gnn
97 1832 247 1890 nobilitatis
262 1852 339 1907 parte
351 1830 428 1905 cosa,
445 1840 536 1891 caeteti
557 1836 596 1891 ita
620 1832 756 1893 laboribus
775 1834 902 1917 fatigati,

25 1934 33 1967 ς
54 1908 144 1980 stabii,
163 1916 191 1964 in
204 1908 287 1965 castra
300 1908 448 1977 redierunt,
464 1910 594 1967 utDnnit
615 1908 730 1967 liberam
755 1908 782 1967 se
801 1914 904 1985 recipi-

25 1986 129 2042 :statem
141 2027 150 2055 ‚
176 1988 285 2041 nemine
308 1980 499 2065 persequente,
524 1986 721 2057 permitterent.
759 1984 908 2061 l’olltidie,

25 2080 66 2143 lue
80 2056 137 2117 suos
149 2056 324 2131 recenserent,
341 2076 446 2115 tantam
457 2059 543 2131 eladii
551 2062 770 2141 magnitudinem
790 2080 903 2137 compt-

24 2156 35 2193 t
56 2133 303 2207 steerdotetfflacis
325 2138 493 2207 interpretes,
509 2138 617 2217 utrique
640 2136 755 2193 libenter
766 2140 903 2198 audirent.

25 2212 110 2273 :leues
123 2208 195 2269 fatu
209 2212 265 2275 ci'i3
283 2214 303 2241 “
319 2210 360 2265 Ut
380 2210 464 2281 Dani,
482 2210 605 2269 Moravia
627 2212 814 2293 Buchaniaque
835 2214 902 2272 reli-

25 2274 175 2344 stederent:
195 2303 288 2342 neuter
308 2286 423 2358 mitulus,
442 2284 619 2343 biilcolumbo
631 2288 791 2345 &Suenone
803 2293 901 2347 viven-

29 2363 127 2419 lterum
139 2360 211 2419 bello
223 2302 374 2427 lacenbrct3
392 2378 440 2417 aut
461 2361 569 2419 alteriue
581 2362 700 2421 hostibus
719 2362 846 2423 adversus
858 2366 901 2424 al-

25 2438 156 2495 auxilium
176 2437 277 2495 ferret:
296 2456 372 2515 aeger,
389 2437 417 2491 in
437 2456 493 2569 (Ἔα
515 2450 663 2511 pugnarum
676 2438 723 2511 eli,
741 2443 769 2495 in
780 2437 901 2514 inuitu-

25 2531 171 2571 tortuotum
194 2500 416 2570 consecra‘returff'
480 2512 639 2571 anit'sereci
661 2514 786 2587 ientibut‚
802 2510 902 2575 Milto-

25 2608 40 2643 n
55 2588 151 2662 prulio
163 2588 241 2647 cusos
253 2586 359 2645 cutavit
381 2583 556 2661 sepeliendos.
591 2532 730 2663 Polliae,
746 2592 851 2649 inditio
862 2594 901 2651 ad

25 2680 150 2736 onventu,
169 2683 198 2720 ut
220 2662 287 2721 'uene
310 2666 414 2721 metitis
439 2662 474 2719 de
491 2666 579 2745 patria
598 2668 717 2742 gratiam
729 2664 852 2739 referret,
867 2690 900 2725 o-

25 2742 163 2817 os'Regios
176 2743 212 2795 cis
224 2734 326 2795 dlvilit.
362 2736 501 2796 Nobilitas
513 2756 604 2796 contra
624 2742 698 2819 Regi
714 2740 842 2814 concelllt,
859 2760 901 2815 ut,

25 2838 51 2873 m
62 2815 160 2898 aliquit
171 2833 333 2885 moreretur,
349 2814 432 2871 liberi
447 2816 485 2871 acl
505 2814 660 2873 ticelimum
674 2820 795 2891 primum
810 2824 903 2876 aetatie

25 2893 125 2949 rtutelu
143 2896 232 2971 Regia
253 2886 353 2947 edent:
373 2892 487 2970 Renque
504 2908 646 2965 proventus
665 2898 770 2966 omnes,
786 2914 899 2968 praetet-

25 2970 65 3025 ‚od
89 2972 117 3027 in
139 2970 326 3027 educationem
351 2964 499 3023 liberorum
520 2968 736 3040 impenderetur,
759 2975 900 3043 acciperet.

25 3094 27 3109 ,
45 3065 74 3103 ut
94 3046 225 3118 pubet-um
245 3041 461 3100 collocandorum
475 3042 589 3115 potestur
602 3062 681 3117 penes
694 3044 844 3119 eum-elice,
861 3050 899 3105 ad

25 3122 61 3179 los
82 3120 192 3179 rediret.
229 3120 308 3177 Hunc
320 3138 426 3175 motem
440 3116 474 3175 ab
495 3116 592 3195 cinglis
611 3118 640 3175 ὅ(
656 3120 742 3179 Danu
755 3128 843 3193 potius
856 3144 900 3181 ac-

25 3196 95 3269 ·cdo,
111 3198 184 3277 quod
198 3196 226 3251 itt
239 3211 296 3252 tota
307 3192 410 3273 Anglii
423 3190 541 3269 &parte
554 3196 717 3255 Normanlae
732 3198 824 3259 'adhuc
835 3218 901 3273 pct-

25 3348 112 3404 itinde
124 3350 185 3403 Rex
206 3342 293 3403 tersus
307 3344 342 3401 ad
363 3345 528 3403 detrimenta
548 3344 614 3403 belli
635 3348 796 3422 reparanda,
811 3348 901 3411 multa

35 3422 74 3487 ab
89 3422 206 3481 hostibus
219 3418 310 3478 eversa
325 3420 448 3493 restituit,
465 3418 590 3495 arcesque
611 3440 659 3497 per
670 3428 763 3481 omnia
784 3426 901 3499 oppida,

25 3498 116 3556 illatas
137 3501 301 3565 instauravit,
320 3516 366 3553 aut
379 3516 461 3553 notas
473 3498 604 3553 condidit.
640 3499 717 3555 Tum
737 3518 862 3577 regnum,
880 3520 897 3555 at

35 3578 133 3631 virtute
151 3572 332 3647 pacificatum,
349 3572 454 3649 legibus
466 3573 494 3631 ἃ
508 3574 634 3630 institutis
647 3594 744 3631 ornate
754 3570 902 3655 aggreffut,

25 3650 173 3725 gistratuum
189 3656 298 3706 nomina
309 3634 416 3719 (credo,
432 3667 447 3703 a
461 3652 556 3706 vicinis
568 3652 691 3721 accepta)
702 3654 789 3731 magis
804 3650 839 3707 ad
851 3671 902 3709 va-

29 3731 153 3797 itionem‚
170 3746 253 3807 quarn
267 3724 303 3781 ad
323 3724 409 3783 ulium
429 3720 516 3795 usum,
534 3724 657 3783 institute.
692 3727 767 3785 Nam
779 3722 903 3801 superio·

25 3802 80 3875 ulit,
98 3819 197 3874 praeter
218 3800 343 3869 Thanot,
370 3799 424 3877 hoc
439 3800 487 3867 cll,
513 3798 653 3869 prefetios
675 3806 829 3881 regionum,
846 3800 900 3861 five

26 3900 66 3949 at,
82 3878 110 3936 ὅ(
125 3874 297 3953 Qtaessotem
319 3896 409 3935 terum
427 3874 597 3947 capitalium,
613 3876 715 3935 nullutn
730 3878 840 3936 honoris
851 3900 903 3935 no-

25 3954 85 4011 ellri
99 3954 194 4011 ordine
208 3951 287 4011 altius
301 3946 400 4021 ficerat,
417 3952 490 4033 quod
504 3950 577 4024 apud
592 3952 685 4010 Danot
702 3953 838 4013 observari
851 3956 901 4011 ad-

25 4054 42 4094 ι.
80 4032 158 4091 Ntutc
171 4050 245 4105 vero,
264 4048 313 4087 nec
324 4028 391 4085 uliut
405 4030 434 4085 itt
452 4030 530 4090 novit
548 4024 688 4091 honorum
698 4032 864 4093 nominibus
866 4028 918 4163 xeli

350 4108 374 4166 P
810 4118 940 4173 motuve
