<?xml version="1.0" encoding="UTF-8"?>
<!DOCTYPE html PUBLIC "-//W3C//DTD XHTML 1.0 Transitional//EN"
    "http://www.w3.org/TR/xhtml1/DTD/xhtml1-transitional.dtd">
<html xmlns="http://www.w3.org/1999/xhtml" xml:lang="en" lang="en">
 <head>
  <title>
</title>
<meta http-equiv="Content-Type" content="text/html;charset=utf-8" />
  <meta name='ocr-system' content='tesseract 3.04.00' />
  <meta name='ocr-capabilities' content='ocr_page ocr_carea ocr_par ocr_line ocrx_word'/>
</head>
<body>
  <div class='ocr_page' id='page_1' title='image "./rerumscoticarum00buchgoog_0446.png"; bbox 0 0 2316 4416; ppageno 0'>
   <div class='ocr_carea' id='block_1_1' title="bbox 244 472 1027 617">
    <p class='ocr_par' dir='ltr' id='par_1_1' title="bbox 244 472 1027 617">
     <span class='ocr_line' id='line_1_1' title="bbox 244 472 1027 617; baseline 0.001 -27"><span class='ocrx_word' id='word_1_1' title='bbox 244 472 381 593; x_wconf 31' lang='lat' dir='ltr'>Liber·</span> <span class='ocrx_word' id='word_1_2' title='bbox 398 502 596 593; x_wconf 79' lang='lat' dir='ltr'><em>Decimus</em></span> <span class='ocrx_word' id='word_1_3' title='bbox 608 502 800 617; x_wconf 60' lang='lat' dir='ltr'>Quirites.</span> <span class='ocrx_word' id='word_1_4' title='bbox 958 538 1027 614; x_wconf 77' lang='lat'>42:</span> 
     </span>
    </p>
   </div>
   <div class='ocr_carea' id='block_1_2' title="bbox 25 616 1042 3951">
    <p class='ocr_par' dir='ltr' id='par_1_2' title="bbox 25 616 1042 3951">
     <span class='ocr_line' id='line_1_2' title="bbox 25 616 1033 697; baseline 0.001 -14"><span class='ocrx_word' id='word_1_5' title='bbox 25 634 94 683; x_wconf 68' lang='lat' dir='ltr'>bna</span> <span class='ocrx_word' id='word_1_6' title='bbox 103 640 199 685; x_wconf 87' lang='lat' dir='ltr'>eorum</span> <span class='ocrx_word' id='word_1_7' title='bbox 211 616 275 681; x_wconf 82' lang='lat' dir='ltr'>fiseo</span> <span class='ocrx_word' id='word_1_8' title='bbox 287 622 450 697; x_wconf 82' lang='lat' dir='ltr'>adjudicata.</span> <span class='ocrx_word' id='word_1_9' title='bbox 481 621 628 695; x_wconf 72' lang='lat' dir='ltr'>Adjeiium</span> <span class='ocrx_word' id='word_1_10' title='bbox 640 642 735 681; x_wconf 89' lang='lat' dir='ltr'>eorum</span> <span class='ocrx_word' id='word_1_11' title='bbox 746 622 969 683; x_wconf 76' lang='lat' dir='ltr'><strong>condemnationi</strong></span> <span class='ocrx_word' id='word_1_12' title='bbox 982 630 1033 684; x_wconf 86' lang='lat' dir='ltr'>edi·</span> 
     </span>
     <span class='ocr_line' id='line_1_3' title="bbox 25 694 1039 785; baseline 0.004 -29"><span class='ocrx_word' id='word_1_13' title='bbox 25 694 107 778; x_wconf 58' lang='lat' dir='ltr'>luam</span> <span class='ocrx_word' id='word_1_14' title='bbox 123 722 190 785; x_wconf 86' lang='lat' dir='ltr'>quo,</span> <span class='ocrx_word' id='word_1_15' title='bbox 206 702 256 781; x_wconf 88' lang='lat' dir='ltr'>qui</span> <span class='ocrx_word' id='word_1_16' title='bbox 268 718 312 755; x_wconf 86' lang='lat' dir='ltr'>eos</span> <span class='ocrx_word' id='word_1_17' title='bbox 325 696 397 757; x_wconf 65' lang='lat' dir='ltr'>teiio</span> <span class='ocrx_word' id='word_1_18' title='bbox 408 695 554 774; x_wconf 74' lang='lat' dir='ltr'>recepisset,</span> <span class='ocrx_word' id='word_1_19' title='bbox 572 719 654 781; x_wconf 84' lang='lat' dir='ltr'>aqua,</span> <span class='ocrx_word' id='word_1_20' title='bbox 671 704 742 779; x_wconf 82' lang='lat' dir='ltr'>igni,</span> <span class='ocrx_word' id='word_1_21' title='bbox 758 702 845 759; x_wconf 80' lang='lat' dir='ltr'>aliave</span> <span class='ocrx_word' id='word_1_22' title='bbox 859 718 911 774; x_wconf 87' lang='lat' dir='ltr'>ope</span> <span class='ocrx_word' id='word_1_23' title='bbox 924 704 1039 774; x_wconf 76' lang='lat' dir='ltr'>jus-ilict,</span> 
     </span>
     <span class='ocr_line' id='line_1_4' title="bbox 25 772 1042 851; baseline 0.008 -24"><span class='ocrx_word' id='word_1_24' title='bbox 25 772 111 833; x_wconf 36' lang='lat' dir='ltr'>,dem</span> <span class='ocrx_word' id='word_1_25' title='bbox 136 794 225 851; x_wconf 74' lang='lat' dir='ltr'>paruae</span> <span class='ocrx_word' id='word_1_26' title='bbox 244 775 357 831; x_wconf 87' lang='lat' dir='ltr'>obnoxii</span> <span class='ocrx_word' id='word_1_27' title='bbox 369 776 528 848; x_wconf 83' lang='lat' dir='ltr'>judicantur.</span> <span class='ocrx_word' id='word_1_28' title='bbox 564 774 689 831; x_wconf 85' lang='lat' dir='ltr'>Maxime</span> <span class='ocrx_word' id='word_1_29' title='bbox 701 780 738 831; x_wconf 88' lang='lat' dir='ltr'>ad</span> <span class='ocrx_word' id='word_1_30' title='bbox 751 796 796 833; x_wconf 88' lang='lat' dir='ltr'>eos</span> <span class='ocrx_word' id='word_1_31' title='bbox 809 776 975 835; x_wconf 87' lang='lat' dir='ltr'>damnandos</span> <span class='ocrx_word' id='word_1_32' title='bbox 989 779 1042 834; x_wconf 89' lang='lat' dir='ltr'>ho-</span> 
     </span>
     <span class='ocr_line' id='line_1_5' title="bbox 25 848 1040 929; baseline 0.002 -22"><span class='ocrx_word' id='word_1_33' title='bbox 25 848 108 907; x_wconf 70' lang='lat' dir='ltr'>iines</span> <span class='ocrx_word' id='word_1_34' title='bbox 120 854 251 909; x_wconf 90' lang='lat' dir='ltr'>commoti</span> <span class='ocrx_word' id='word_1_35' title='bbox 272 867 411 924; x_wconf 81' lang='lat' dir='ltr'>putantur,</span> <span class='ocrx_word' id='word_1_36' title='bbox 428 852 502 929; x_wconf 89' lang='lat' dir='ltr'>quod</span> <span class='ocrx_word' id='word_1_37' title='bbox 520 853 581 907; x_wconf 72' lang='lat' dir='ltr'>lter</span> <span class='ocrx_word' id='word_1_38' title='bbox 603 853 773 921; x_wconf 73' lang='lat' dir='ltr'>jurejurando</span> <span class='ocrx_word' id='word_1_39' title='bbox 785 850 943 924; x_wconf 80' lang='lat' dir='ltr'>allinnov&#39;t,</span> <span class='ocrx_word' id='word_1_40' title='bbox 961 858 979 885; x_wconf 87' lang='lat'><strong>“</strong></span> <span class='ocrx_word' id='word_1_41' title='bbox 994 856 1040 923; x_wconf 92' lang='lat' dir='ltr'>Se,</span> 
     </span>
     <span class='ocr_line' id='line_1_6' title="bbox 36 876 1041 1005; baseline 0.002 -21"><span class='ocrx_word' id='word_1_42' title='bbox 36 928 185 1005; x_wconf 78' lang='lat' dir='ltr'>quamdiu</span> <span class='ocrx_word' id='word_1_43' title='bbox 203 929 278 999; x_wconf 81' lang='lat' dir='ltr'>apud</span> <span class='ocrx_word' id='word_1_44' title='bbox 298 920 451 993; x_wconf 70' lang='lat' dir='ltr'>Duelallios</span> <span class='ocrx_word' id='word_1_45' title='bbox 464 924 528 996; x_wconf 86' lang='lat' dir='ltr'>fuir,</span> <span class='ocrx_word' id='word_1_46' title='bbox 544 922 650 997; x_wconf 78' lang='lat' dir='ltr'>semper</span> <span class='ocrx_word' id='word_1_47' title='bbox 663 930 728 985; x_wconf 80' lang='lat' dir='ltr'>vitre</span> <span class='ocrx_word' id='word_1_48' title='bbox 740 924 794 985; x_wconf 85' lang='lat' dir='ltr'>suar</span> <span class='ocrx_word' id='word_1_49' title='bbox 807 876 943 985; x_wconf 71' lang='lat' dir='ltr'>timuilie:</span> <span class='ocrx_word' id='word_1_50' title='bbox 961 950 1041 985; x_wconf 91' lang='lat' dir='ltr'>eum-</span> 
     </span>
     <span class='ocr_line' id='line_1_7' title="bbox 34 986 1039 1133; baseline 0.002 -76"><span class='ocrx_word' id='word_1_51' title='bbox 34 1019 106 1083; x_wconf 82' lang='lat' dir='ltr'>que</span> <span class='ocrx_word' id='word_1_52' title='bbox 115 1006 256 1069; x_wconf 87' lang='lat' dir='ltr'>timorem,</span> <span class='ocrx_word' id='word_1_53' title='bbox 273 1003 331 1075; x_wconf 82' lang='lat' dir='ltr'>poll</span> <span class='ocrx_word' id='word_1_54' title='bbox 343 986 458 1133; x_wconf 68' lang='lat' dir='ltr'>Georqii</span> <span class='ocrx_word' id='word_1_55' title='bbox 470 1005 570 1074; x_wconf 86' lang='lat' dir='ltr'>minas,</span> <span class='ocrx_word' id='word_1_56' title='bbox 587 999 772 1059; x_wconf 84' lang='lat' dir='ltr'>vehementius</span> <span class='ocrx_word' id='word_1_57' title='bbox 783 1001 920 1076; x_wconf 72' lang='lat' dir='ltr'>au&amp;um,”</span> <span class='ocrx_word' id='word_1_58' title='bbox 936 1004 1039 1077; x_wconf 78' lang='lat' dir='ltr'>alleve-</span> 
     </span>
     <span class='ocr_line' id='line_1_8' title="bbox 25 1076 1039 1157; baseline 0.004 -26"><span class='ocrx_word' id='word_1_59' title='bbox 25 1080 104 1135; x_wconf 81' lang='lat' dir='ltr'>tvit.</span> <span class='ocrx_word' id='word_1_60' title='bbox 143 1078 220 1135; x_wconf 89' lang='lat' dir='ltr'>Unus</span> <span class='ocrx_word' id='word_1_61' title='bbox 239 1078 268 1133; x_wconf 88' lang='lat' dir='ltr'>in</span> <span class='ocrx_word' id='word_1_62' title='bbox 281 1076 333 1133; x_wconf 89' lang='lat' dir='ltr'>boc</span> <span class='ocrx_word' id='word_1_63' title='bbox 344 1081 419 1133; x_wconf 90' lang='lat' dir='ltr'>conci</span> <span class='ocrx_word' id='word_1_64' title='bbox 434 1079 461 1133; x_wconf 90' lang='lat' dir='ltr'>io</span> <span class='ocrx_word' id='word_1_65' title='bbox 469 1080 588 1157; x_wconf 84' lang='lat' dir='ltr'>Joannes</span> <span class='ocrx_word' id='word_1_66' title='bbox 601 1076 766 1136; x_wconf 89' lang='lat' dir='ltr'>Bannatinus</span> <span class='ocrx_word' id='word_1_67' title='bbox 781 1078 818 1135; x_wconf 84' lang='lat' dir='ltr'>eli</span> <span class='ocrx_word' id='word_1_68' title='bbox 831 1082 963 1151; x_wconf 90' lang='lat' dir='ltr'>inventus,</span> <span class='ocrx_word' id='word_1_69' title='bbox 981 1082 1039 1137; x_wconf 90' lang='lat' dir='ltr'>Du-</span> 
     </span>
     <span class='ocr_line' id='line_1_9' title="bbox 25 1140 1041 1285; baseline 0.004 -78"><span class='ocrx_word' id='word_1_70' title='bbox 25 1140 178 1213; x_wconf 68' lang='lat' dir='ltr'>laffionun</span> <span class='ocrx_word' id='word_1_71' title='bbox 192 1152 286 1225; x_wconf 88' lang='lat' dir='ltr'>cliens,</span> <span class='ocrx_word' id='word_1_72' title='bbox 313 1154 362 1231; x_wconf 88' lang='lat' dir='ltr'>qui</span> <span class='ocrx_word' id='word_1_73' title='bbox 395 1151 481 1209; x_wconf 89' lang='lat' dir='ltr'>ubliee</span> <span class='ocrx_word' id='word_1_74' title='bbox 490 1150 643 1285; x_wconf 51' lang='lat' dir='ltr'>erosellari</span> <span class='ocrx_word' id='word_1_75' title='bbox 661 1152 782 1225; x_wconf 80' lang='lat' dir='ltr'>auderet,</span> <span class='ocrx_word' id='word_1_76' title='bbox 810 1152 922 1212; x_wconf 87' lang='lat' dir='ltr'>“Nihil</span> <span class='ocrx_word' id='word_1_77' title='bbox 934 1176 1041 1226; x_wconf 89' lang='lat' dir='ltr'>eorum,</span> 
     </span>
     <span class='ocr_line' id='line_1_10' title="bbox 37 1170 1040 1310; baseline 0.002 -25"><span class='ocrx_word' id='word_1_78' title='bbox 37 1246 114 1310; x_wconf 79' lang='lat' dir='ltr'>quae</span> <span class='ocrx_word' id='word_1_79' title='bbox 125 1248 185 1287; x_wconf 92' lang='lat' dir='ltr'>tum</span> <span class='ocrx_word' id='word_1_80' title='bbox 195 1244 348 1309; x_wconf 78' lang='lat' dir='ltr'>agerentur,</span> <span class='ocrx_word' id='word_1_81' title='bbox 365 1170 473 1285; x_wconf 54' lang='lat' dir='ltr'>goniei</span> <span class='ocrx_word' id='word_1_82' title='bbox 517 1228 584 1285; x_wconf 85' lang='lat' dir='ltr'>audi</span> <span class='ocrx_word' id='word_1_83' title='bbox 596 1222 649 1286; x_wconf 84' lang='lat' dir='ltr'>ell&#39;e</span> <span class='ocrx_word' id='word_1_84' title='bbox 662 1228 777 1295; x_wconf 81' lang='lat' dir='ltr'>debere3</span> <span class='ocrx_word' id='word_1_85' title='bbox 795 1248 856 1287; x_wconf 91' lang='lat' dir='ltr'>cum</span> <span class='ocrx_word' id='word_1_86' title='bbox 868 1230 928 1303; x_wconf 83' lang='lat' dir='ltr'>julii</span> <span class='ocrx_word' id='word_1_87' title='bbox 941 1238 967 1288; x_wconf 91' lang='lat' dir='ltr'>ei</span> <span class='ocrx_word' id='word_1_88' title='bbox 981 1251 1040 1287; x_wconf 92' lang='lat' dir='ltr'>me-</span> 
     </span>
     <span class='ocr_line' id='line_1_11' title="bbox 25 1300 1038 1383; baseline 0.002 -22"><span class='ocrx_word' id='word_1_89' title='bbox 25 1333 30 1383; x_wconf 39' lang='lat'>1,</span> <span class='ocrx_word' id='word_1_90' title='bbox 34 1314 94 1361; x_wconf 77' lang='lat' dir='ltr'>tus</span> <span class='ocrx_word' id='word_1_91' title='bbox 104 1300 193 1363; x_wconf 80' lang='lat' dir='ltr'>caulla</span> <span class='ocrx_word' id='word_1_92' title='bbox 213 1301 289 1375; x_wconf 72' lang='lat' dir='ltr'>ell‘ec,</span> <span class='ocrx_word' id='word_1_93' title='bbox 317 1323 364 1379; x_wconf 82' lang='lat' dir='ltr'>cur</span> <span class='ocrx_word' id='word_1_94' title='bbox 375 1303 412 1363; x_wconf 86' lang='lat' dir='ltr'>ad</span> <span class='ocrx_word' id='word_1_95' title='bbox 425 1304 529 1361; x_wconf 79' lang='lat' dir='ltr'>dilium</span> <span class='ocrx_word' id='word_1_96' title='bbox 538 1304 613 1361; x_wconf 90' lang='lat' dir='ltr'>diem</span> <span class='ocrx_word' id='word_1_97' title='bbox 625 1323 680 1361; x_wconf 93' lang='lat' dir='ltr'>non</span> <span class='ocrx_word' id='word_1_98' title='bbox 689 1306 837 1363; x_wconf 88' lang='lat' dir='ltr'>adveniret.</span> <span class='ocrx_word' id='word_1_99' title='bbox 874 1306 966 1364; x_wconf 78' lang='lat' dir='ltr'>Paucis</span> <span class='ocrx_word' id='word_1_100' title='bbox 979 1306 1038 1380; x_wconf 77' lang='lat' dir='ltr'>poli</span> 
     </span>
     <span class='ocr_line' id='line_1_12' title="bbox 25 1376 1035 1453; baseline 0.008 -20"><span class='ocrx_word' id='word_1_101' title='bbox 25 1380 125 1453; x_wconf 79' lang='lat' dir='ltr'>rebus,</span> <span class='ocrx_word' id='word_1_102' title='bbox 141 1378 210 1439; x_wconf 89' lang='lat' dir='ltr'>alter</span> <span class='ocrx_word' id='word_1_103' title='bbox 226 1379 344 1437; x_wconf 87' lang='lat' dir='ltr'>Comitis</span> <span class='ocrx_word' id='word_1_104' title='bbox 360 1376 456 1450; x_wconf 88' lang='lat' dir='ltr'>frater,</span> <span class='ocrx_word' id='word_1_105' title='bbox 480 1376 643 1453; x_wconf 85' lang='lat' dir='ltr'>Gulielmus,</span> <span class='ocrx_word' id='word_1_106' title='bbox 670 1379 764 1439; x_wconf 86' lang='lat' dir='ltr'>Abbas</span> <span class='ocrx_word' id='word_1_107' title='bbox 783 1378 913 1439; x_wconf 79' lang='lat' dir='ltr'>Coenobii</span> <span class='ocrx_word' id='word_1_108' title='bbox 931 1382 1035 1441; x_wconf 75' lang='lat' dir='ltr'>Sanllae</span> 
     </span>
     <span class='ocr_line' id='line_1_13' title="bbox 25 1452 1039 1529; baseline 0.004 -16"><span class='ocrx_word' id='word_1_109' title='bbox 25 1458 123 1529; x_wconf 66' lang='lat' dir='ltr'>ruci,</span> <span class='ocrx_word' id='word_1_110' title='bbox 140 1454 238 1513; x_wconf 89' lang='lat' dir='ltr'>morbo</span> <span class='ocrx_word' id='word_1_111' title='bbox 251 1454 329 1511; x_wconf 92' lang='lat' dir='ltr'>limul</span> <span class='ocrx_word' id='word_1_112' title='bbox 341 1452 468 1511; x_wconf 88' lang='lat' dir='ltr'>&amp;animi</span> <span class='ocrx_word' id='word_1_113' title='bbox 480 1457 625 1525; x_wconf 82' lang='lat' dir='ltr'>anxietate,</span> <span class='ocrx_word' id='word_1_114' title='bbox 653 1454 682 1511; x_wconf 80' lang='lat' dir='ltr'>dt</span> <span class='ocrx_word' id='word_1_115' title='bbox 699 1476 790 1513; x_wconf 87' lang='lat' dir='ltr'>rerum</span> <span class='ocrx_word' id='word_1_116' title='bbox 804 1454 975 1528; x_wconf 84' lang='lat' dir='ltr'>praesentium</span> <span class='ocrx_word' id='word_1_117' title='bbox 988 1476 1039 1517; x_wconf 81' lang='lat' dir='ltr'>ttr-</span> 
     </span>
     <span class='ocr_line' id='line_1_14' title="bbox 25 1525 1040 1604; baseline 0.005 -17"><span class='ocrx_word' id='word_1_118' title='bbox 25 1525 84 1603; x_wconf 76' lang='grc' dir='ltr'>ῑο,</span> <span class='ocrx_word' id='word_1_119' title='bbox 99 1530 136 1587; x_wconf 83' lang='lat' dir='ltr'>eli</span> <span class='ocrx_word' id='word_1_120' title='bbox 148 1530 289 1589; x_wconf 73' lang='lat' dir='ltr'>extinlius.</span> <span class='ocrx_word' id='word_1_121' title='bbox 324 1528 510 1587; x_wconf 83' lang='lat' dir='ltr'>Sacerdotium</span> <span class='ocrx_word' id='word_1_122' title='bbox 525 1534 580 1604; x_wconf 84' lang='lat' dir='ltr'>ejus</span> <span class='ocrx_word' id='word_1_123' title='bbox 591 1529 727 1587; x_wconf 85' lang='lat' dir='ltr'>Robertus</span> <span class='ocrx_word' id='word_1_124' title='bbox 738 1530 935 1603; x_wconf 85' lang='lat' dir='ltr'>Carnictucius,</span> <span class='ocrx_word' id='word_1_125' title='bbox 951 1530 1040 1592; x_wconf 87' lang='lat' dir='ltr'>borno</span> 
     </span>
     <span class='ocr_line' id='line_1_15' title="bbox 25 1600 1036 1684; baseline 0.004 -21"><span class='ocrx_word' id='word_1_126' title='bbox 25 1606 117 1665; x_wconf 66' lang='lat' dir='ltr'>uuili</span> <span class='ocrx_word' id='word_1_127' title='bbox 131 1607 190 1665; x_wconf 92' lang='lat' dir='ltr'>loco</span> <span class='ocrx_word' id='word_1_128' title='bbox 201 1624 291 1677; x_wconf 83' lang='lat' dir='ltr'>natus,</span> <span class='ocrx_word' id='word_1_129' title='bbox 306 1600 352 1661; x_wconf 80' lang='lat' dir='ltr'>secl</span> <span class='ocrx_word' id='word_1_130' title='bbox 366 1603 532 1679; x_wconf 86' lang='lat' dir='ltr'>pecuniosus,</span> <span class='ocrx_word' id='word_1_131' title='bbox 548 1628 563 1663; x_wconf 92' lang='lat' dir='ltr'>a</span> <span class='ocrx_word' id='word_1_132' title='bbox 583 1608 671 1684; x_wconf 82' lang='lat' dir='ltr'>Rege,</span> <span class='ocrx_word' id='word_1_133' title='bbox 698 1623 757 1663; x_wconf 89' lang='lat' dir='ltr'>tum</span> <span class='ocrx_word' id='word_1_134' title='bbox 774 1628 791 1665; x_wconf 89' lang='lat' dir='ltr'>a</span> <span class='ocrx_word' id='word_1_135' title='bbox 810 1612 927 1681; x_wconf 86' lang='lat' dir='ltr'>pecuniis</span> <span class='ocrx_word' id='word_1_136' title='bbox 948 1612 1036 1683; x_wconf 87' lang='lat' dir='ltr'>inopi,</span> 
     </span>
     <span class='ocr_line' id='line_1_16' title="bbox 25 1678 1042 1763; baseline 0.005 -25"><span class='ocrx_word' id='word_1_137' title='bbox 25 1680 148 1753; x_wconf 68' lang='lat' dir='ltr'>edomet,</span> <span class='ocrx_word' id='word_1_138' title='bbox 165 1702 238 1740; x_wconf 83' lang='lat' dir='ltr'>novo</span> <span class='ocrx_word' id='word_1_139' title='bbox 255 1697 352 1761; x_wconf 77' lang='lat' dir='ltr'>genere</span> <span class='ocrx_word' id='word_1_140' title='bbox 369 1679 474 1738; x_wconf 86' lang='lat' dir='ltr'>fraudis</span> <span class='ocrx_word' id='word_1_141' title='bbox 492 1678 563 1739; x_wconf 91' lang='lat' dir='ltr'>elusa</span> <span class='ocrx_word' id='word_1_142' title='bbox 582 1680 642 1763; x_wconf 81' lang='lat' dir='ltr'>lege</span> <span class='ocrx_word' id='word_1_143' title='bbox 659 1682 787 1753; x_wconf 91' lang='lat' dir='ltr'>ambitus,</span> <span class='ocrx_word' id='word_1_144' title='bbox 811 1696 871 1761; x_wconf 80' lang='lat' dir='ltr'>quae</span> <span class='ocrx_word' id='word_1_145' title='bbox 887 1681 1042 1743; x_wconf 68' lang='lat' dir='ltr'>licerdotia</span> 
     </span>
     <span class='ocr_line' id='line_1_17' title="bbox 25 1750 1041 1839; baseline 0 -24"><span class='ocrx_word' id='word_1_146' title='bbox 25 1763 109 1833; x_wconf 60' lang='lat' dir='ltr'>snite</span> <span class='ocrx_word' id='word_1_147' title='bbox 122 1776 216 1816; x_wconf 82' lang='lat' dir='ltr'>verat:</span> <span class='ocrx_word' id='word_1_148' title='bbox 234 1754 370 1837; x_wconf 80' lang='lat' dir='ltr'>sponlione</span> <span class='ocrx_word' id='word_1_149' title='bbox 390 1750 491 1813; x_wconf 67' lang='lat' dir='ltr'>stilicet</span> <span class='ocrx_word' id='word_1_150' title='bbox 502 1754 598 1823; x_wconf 68' lang='lat' dir='ltr'>vilius,</span> <span class='ocrx_word' id='word_1_151' title='bbox 625 1776 691 1837; x_wconf 88' lang='lat' dir='ltr'>qua,</span> <span class='ocrx_word' id='word_1_152' title='bbox 709 1776 808 1835; x_wconf 76' lang='lat' dir='ltr'>magna</span> <span class='ocrx_word' id='word_1_153' title='bbox 827 1762 937 1837; x_wconf 64' lang='lat' dir='ltr'>recurrit</span> <span class='ocrx_word' id='word_1_154' title='bbox 957 1760 1041 1839; x_wconf 87' lang='lat' dir='ltr'>depo-</span> 
     </span>
     <span class='ocr_line' id='line_1_18' title="bbox 25 1830 1040 1911; baseline 0 -19"><span class='ocrx_word' id='word_1_155' title='bbox 25 1842 80 1906; x_wconf 76' lang='lat' dir='ltr'>tta,</span> <span class='ocrx_word' id='word_1_156' title='bbox 96 1834 281 1905; x_wconf 83' lang='lat' dir='ltr'>contenderat,</span> <span class='ocrx_word' id='word_1_157' title='bbox 297 1834 403 1911; x_wconf 83' lang='lat' dir='ltr'>Regem</span> <span class='ocrx_word' id='word_1_158' title='bbox 414 1852 470 1903; x_wconf 83' lang='lat' dir='ltr'>non</span> <span class='ocrx_word' id='word_1_159' title='bbox 482 1852 544 1891; x_wconf 89' lang='lat' dir='ltr'>eum</span> <span class='ocrx_word' id='word_1_160' title='bbox 556 1841 684 1911; x_wconf 81' lang='lat' dir='ltr'>proximo</span> <span class='ocrx_word' id='word_1_161' title='bbox 694 1830 843 1891; x_wconf 82' lang='lat' dir='ltr'>[scerdotio</span> <span class='ocrx_word' id='word_1_162' title='bbox 855 1853 940 1891; x_wconf 79' lang='lat' dir='ltr'>vacuo</span> <span class='ocrx_word' id='word_1_163' title='bbox 952 1836 1040 1893; x_wconf 79' lang='lat' dir='ltr'>dona-</span> 
     </span>
     <span class='ocr_line' id='line_1_19' title="bbox 25 1918 999 1969; baseline 0.001 -7"><span class='ocrx_word' id='word_1_164' title='bbox 25 1918 120 1969; x_wconf 76' lang='lat' dir='ltr'>ditum.</span> <span class='ocrx_word' id='word_1_165' title='bbox 995 1954 999 1963; x_wconf 94' lang='lat'><em>.</em></span> 
     </span>
     <span class='ocr_line' id='line_1_20' title="bbox 56 1978 1039 2063; baseline 0.001 -21"><span class='ocrx_word' id='word_1_166' title='bbox 56 1982 185 2043; x_wconf 82' lang='lat' dir='ltr'>xxxvi.</span> <span class='ocrx_word' id='word_1_167' title='bbox 199 1978 330 2063; x_wconf 81' lang='lat' dir='ltr'>Duglallii</span> <span class='ocrx_word' id='word_1_168' title='bbox 354 2000 412 2040; x_wconf 87' lang='lat' dir='ltr'>tum</span> <span class='ocrx_word' id='word_1_169' title='bbox 426 1982 549 2052; x_wconf 88' lang='lat' dir='ltr'>demum,</span> <span class='ocrx_word' id='word_1_170' title='bbox 585 1984 663 2039; x_wconf 90' lang='lat' dir='ltr'>omni</span> <span class='ocrx_word' id='word_1_171' title='bbox 684 1986 770 2042; x_wconf 80' lang='lat' dir='ltr'>eeniae</span> <span class='ocrx_word' id='word_1_172' title='bbox 790 1984 967 2059; x_wconf 76' lang='lat' dir='ltr'>impetranda,-</span> <span class='ocrx_word' id='word_1_173' title='bbox 993 1981 1039 2063; x_wconf 81' lang='lat' dir='ltr'>spe</span> 
     </span>
     <span class='ocr_line' id='line_1_21' title="bbox 25 2050 1040 2139; baseline -0.001 -21"><span class='ocrx_word' id='word_1_174' title='bbox 25 2050 131 2133; x_wconf 75' lang='lat' dir='ltr'>tbjeeia,</span> <span class='ocrx_word' id='word_1_175' title='bbox 148 2058 184 2116; x_wconf 86' lang='lat' dir='ltr'>ad</span> <span class='ocrx_word' id='word_1_176' title='bbox 199 2060 257 2115; x_wconf 85' lang='lat' dir='ltr'>vim</span> <span class='ocrx_word' id='word_1_177' title='bbox 271 2076 402 2139; x_wconf 87' lang='lat' dir='ltr'>apertam,</span> <span class='ocrx_word' id='word_1_178' title='bbox 431 2058 460 2116; x_wconf 71' lang='grc' dir='ltr'>δί</span> <span class='ocrx_word' id='word_1_179' title='bbox 473 2054 603 2115; x_wconf 80' lang='lat' dir='ltr'>vindiiiae</span> <span class='ocrx_word' id='word_1_180' title='bbox 620 2056 747 2115; x_wconf 68' lang='lat' dir='ltr'>solatrum</span> <span class='ocrx_word' id='word_1_181' title='bbox 761 2079 793 2113; x_wconf 82' lang='lat' dir='ltr'>ex</span> <span class='ocrx_word' id='word_1_182' title='bbox 807 2062 982 2117; x_wconf 87' lang='lat' dir='ltr'>inimicorum</span> <span class='ocrx_word' id='word_1_183' title='bbox 993 2082 1040 2117; x_wconf 80' lang='lat' dir='ltr'>en·-</span> 
     </span>
     <span class='ocr_line' id='line_1_22' title="bbox 26 2128 1036 2214; baseline 0 -21"><span class='ocrx_word' id='word_1_184' title='bbox 26 2128 153 2205; x_wconf 62' lang='lat' dir='ltr'>&#39;enitare</span> <span class='ocrx_word' id='word_1_185' title='bbox 168 2132 299 2203; x_wconf 75' lang='lat' dir='ltr'>ronterii,</span> <span class='ocrx_word' id='word_1_186' title='bbox 317 2135 420 2214; x_wconf 73' lang='lat' dir='ltr'>praedis</span> <span class='ocrx_word' id='word_1_187' title='bbox 434 2152 530 2193; x_wconf 83' lang='lat' dir='ltr'>eorum</span> <span class='ocrx_word' id='word_1_188' title='bbox 542 2134 619 2190; x_wconf 90' lang='lat' dir='ltr'>omni</span> <span class='ocrx_word' id='word_1_189' title='bbox 631 2152 728 2211; x_wconf 83' lang='lat' dir='ltr'>genere</span> <span class='ocrx_word' id='word_1_190' title='bbox 740 2132 869 2191; x_wconf 78' lang='lat' dir='ltr'>nsolelliae</span> <span class='ocrx_word' id='word_1_191' title='bbox 882 2136 1015 2193; x_wconf 78' lang='lat' dir='ltr'>vexabant</span> <span class='ocrx_word' id='word_1_192' title='bbox 1030 2184 1036 2193; x_wconf 96' lang='lat'><em>.</em></span> 
     </span>
     <span class='ocr_line' id='line_1_23' title="bbox 30 2202 1040 2299; baseline 0 -32"><span class='ocrx_word' id='word_1_193' title='bbox 30 2202 194 2269; x_wconf 61' lang='lat' dir='ltr'>:ollandiam</span> <span class='ocrx_word' id='word_1_194' title='bbox 212 2208 241 2267; x_wconf 77' lang='lat' dir='ltr'>u</span> <span class='ocrx_word' id='word_1_195' title='bbox 263 2208 441 2265; x_wconf 85' lang='lat' dir='ltr'>Cranlionum</span> <span class='ocrx_word' id='word_1_196' title='bbox 463 2210 535 2265; x_wconf 87' lang='lat' dir='ltr'>vicos</span> <span class='ocrx_word' id='word_1_197' title='bbox 552 2226 726 2267; x_wconf 86' lang='lat' dir='ltr'>cremarunt:</span> <span class='ocrx_word' id='word_1_198' title='bbox 750 2208 779 2269; x_wconf 73' lang='lat' dir='ltr'>bt</span> <span class='ocrx_word' id='word_1_199' title='bbox 802 2212 928 2299; x_wconf 76' lang='lat' dir='ltr'>quotidie</span> <span class='ocrx_word' id='word_1_200' title='bbox 951 2217 1040 2291; x_wconf 85' lang='lat' dir='ltr'>portia</span> 
     </span>
     <span class='ocr_line' id='line_1_24' title="bbox 35 2280 1037 2366; baseline 0.001 -26"><span class='ocrx_word' id='word_1_201' title='bbox 35 2282 182 2365; x_wconf 77' lang='lat' dir='ltr'>idimburgi</span> <span class='ocrx_word' id='word_1_202' title='bbox 194 2286 231 2341; x_wconf 88' lang='lat' dir='ltr'>isa</span> <span class='ocrx_word' id='word_1_203' title='bbox 244 2284 453 2366; x_wconf 87' lang='lat' dir='ltr'>obequitabant‚</span> <span class='ocrx_word' id='word_1_204' title='bbox 468 2300 497 2339; x_wconf 92' lang='lat' dir='ltr'>ut</span> <span class='ocrx_word' id='word_1_205' title='bbox 512 2280 573 2339; x_wconf 88' lang='lat' dir='ltr'>urbs</span> <span class='ocrx_word' id='word_1_206' title='bbox 583 2300 666 2362; x_wconf 80' lang='lat' dir='ltr'>prope</span> <span class='ocrx_word' id='word_1_207' title='bbox 679 2280 779 2342; x_wconf 72' lang='lat' dir='ltr'>obselli</span> <span class='ocrx_word' id='word_1_208' title='bbox 793 2282 942 2357; x_wconf 79' lang='lat' dir='ltr'>videretur,</span> <span class='ocrx_word' id='word_1_209' title='bbox 954 2306 982 2344; x_wconf 80' lang='lat' dir='ltr'>nt</span> <span class='ocrx_word' id='word_1_210' title='bbox 1005 2305 1037 2342; x_wconf 89' lang='lat' dir='ltr'>ue</span> 
     </span>
     <span class='ocr_line' id='line_1_25' title="bbox 42 2310 1039 2431; baseline 0 -12"><span class='ocrx_word' id='word_1_211' title='bbox 42 2360 117 2420; x_wconf 79' lang='lat' dir='ltr'>:iiiia</span> <span class='ocrx_word' id='word_1_212' title='bbox 166 2366 311 2417; x_wconf 87' lang='lat' dir='ltr'>tentiorum</span> <span class='ocrx_word' id='word_1_213' title='bbox 325 2360 372 2415; x_wconf 79' lang='lat' dir='ltr'>vul</span> <span class='ocrx_word' id='word_1_214' title='bbox 392 2380 421 2419; x_wconf 87' lang='lat' dir='ltr'>us</span> <span class='ocrx_word' id='word_1_215' title='bbox 433 2358 576 2415; x_wconf 89' lang='lat' dir='ltr'>innoxium</span> <span class='ocrx_word' id='word_1_216' title='bbox 588 2358 682 2417; x_wconf 89' lang='lat' dir='ltr'>lueret.</span> <span class='ocrx_word' id='word_1_217' title='bbox 718 2360 793 2417; x_wconf 91' lang='lat' dir='ltr'>Inter</span> <span class='ocrx_word' id='word_1_218' title='bbox 805 2358 871 2431; x_wconf 79' lang='lat' dir='ltr'>haec,</span> <span class='ocrx_word' id='word_1_219' title='bbox 896 2363 931 2419; x_wconf 84' lang='lat' dir='ltr'>ad</span> <span class='ocrx_word' id='word_1_220' title='bbox 950 2310 1039 2419; x_wconf 63' lang='lat' dir='ltr'>unbe-</span> 
     </span>
     <span class='ocr_line' id='line_1_26' title="bbox 47 2380 1035 2513; baseline 0.001 -19"><span class='ocrx_word' id='word_1_221' title='bbox 47 2458 117 2495; x_wconf 88' lang='lat' dir='ltr'>num</span> <span class='ocrx_word' id='word_1_222' title='bbox 157 2436 264 2493; x_wconf 71' lang='lat' dir='ltr'>lendis</span> <span class='ocrx_word' id='word_1_223' title='bbox 276 2380 444 2505; x_wconf 70' lang='lat' dir='ltr'>Dteernbris,</span> <span class='ocrx_word' id='word_1_224' title='bbox 462 2434 595 2505; x_wconf 74' lang='lat' dir='ltr'>Murrina,</span> <span class='ocrx_word' id='word_1_225' title='bbox 610 2436 753 2513; x_wconf 80' lang='lat' dir='ltr'>navigium</span> <span class='ocrx_word' id='word_1_226' title='bbox 776 2454 808 2493; x_wconf 84' lang='lat' dir='ltr'>ea</span> <span class='ocrx_word' id='word_1_227' title='bbox 829 2454 910 2499; x_wconf 77' lang='lat' dir='ltr'>aetate</span> <span class='ocrx_word' id='word_1_228' title='bbox 931 2438 1035 2509; x_wconf 88' lang='lat' dir='ltr'>nobile,</span> 
     </span>
     <span class='ocr_line' id='line_1_27' title="bbox 52 2510 1038 2591; baseline -0.002 -20"><span class='ocrx_word' id='word_1_229' title='bbox 52 2512 138 2571; x_wconf 80' lang='lat' dir='ltr'>etiofis</span> <span class='ocrx_word' id='word_1_230' title='bbox 151 2512 282 2569; x_wconf 88' lang='lat' dir='ltr'>mercibus</span> <span class='ocrx_word' id='word_1_231' title='bbox 296 2510 397 2585; x_wconf 83' lang='lat' dir='ltr'>onulla,</span> <span class='ocrx_word' id='word_1_232' title='bbox 421 2510 459 2568; x_wconf 89' lang='lat' dir='ltr'>ad</span> <span class='ocrx_word' id='word_1_233' title='bbox 478 2510 663 2569; x_wconf 82' lang='lat' dir='ltr'>Ennervicum</span> <span class='ocrx_word' id='word_1_234' title='bbox 677 2512 707 2565; x_wconf 81' lang='lat' dir='ltr'>vi</span> <span class='ocrx_word' id='word_1_235' title='bbox 725 2510 891 2591; x_wconf 77' lang='lat' dir='ltr'>tempestatis</span> <span class='ocrx_word' id='word_1_236' title='bbox 910 2516 940 2569; x_wconf 91' lang='lat' dir='ltr'>in</span> <span class='ocrx_word' id='word_1_237' title='bbox 960 2512 1038 2571; x_wconf 84' lang='lat' dir='ltr'>littus</span> 
     </span>
     <span class='ocr_line' id='line_1_28' title="bbox 57 2582 1038 2671; baseline 0.003 -26"><span class='ocrx_word' id='word_1_238' title='bbox 57 2592 147 2671; x_wconf 78' lang='lat' dir='ltr'>pegit:</span> <span class='ocrx_word' id='word_1_239' title='bbox 166 2592 298 2645; x_wconf 89' lang='lat' dir='ltr'>mercium</span> <span class='ocrx_word' id='word_1_240' title='bbox 312 2608 372 2667; x_wconf 83' lang='lat' dir='ltr'>pars</span> <span class='ocrx_word' id='word_1_241' title='bbox 384 2608 401 2647; x_wconf 86' lang='lat' dir='ltr'>a</span> <span class='ocrx_word' id='word_1_242' title='bbox 413 2582 623 2663; x_wconf 76' lang='lat' dir='ltr'>Duglaliianise</span> <span class='ocrx_word' id='word_1_243' title='bbox 646 2584 756 2657; x_wconf 85' lang='lat' dir='ltr'>uitibsu,</span> <span class='ocrx_word' id='word_1_244' title='bbox 772 2590 802 2643; x_wconf 90' lang='lat' dir='ltr'>in</span> <span class='ocrx_word' id='word_1_245' title='bbox 814 2606 846 2645; x_wconf 86' lang='lat' dir='ltr'>ea</span> <span class='ocrx_word' id='word_1_246' title='bbox 863 2593 974 2667; x_wconf 84' lang='lat' dir='ltr'>regione</span> <span class='ocrx_word' id='word_1_247' title='bbox 987 2608 1038 2648; x_wconf 58' lang='lat' dir='ltr'>vtr-</span> 
     </span>
     <span class='ocr_line' id='line_1_29' title="bbox 63 2608 1038 2745; baseline 0.002 -24"><span class='ocrx_word' id='word_1_248' title='bbox 63 2710 68 2733; x_wconf 88' lang='grc'>,</span> <span class='ocrx_word' id='word_1_249' title='bbox 84 2664 121 2721; x_wconf 86' lang='lat' dir='ltr'>eil</span> <span class='ocrx_word' id='word_1_250' title='bbox 133 2664 256 2743; x_wconf 83' lang='lat' dir='ltr'>direpta:</span> <span class='ocrx_word' id='word_1_251' title='bbox 275 2664 411 2745; x_wconf 89' lang='lat' dir='ltr'>reliquum</span> <span class='ocrx_word' id='word_1_252' title='bbox 429 2662 477 2721; x_wconf 91' lang='lat' dir='ltr'>etli</span> <span class='ocrx_word' id='word_1_253' title='bbox 491 2608 759 2732; x_wconf 78' lang='lat' dir='ltr'>rudieisullulilient,</span> <span class='ocrx_word' id='word_1_254' title='bbox 775 2678 850 2719; x_wconf 87' lang='lat' dir='ltr'>tauta</span> <span class='ocrx_word' id='word_1_255' title='bbox 864 2666 1038 2742; x_wconf 81' lang='lat' dir='ltr'>ignoratione</span> 
     </span>
     <span class='ocr_line' id='line_1_30' title="bbox 66 2736 1036 2820; baseline 0 -23"><span class='ocrx_word' id='word_1_256' title='bbox 66 2743 108 2811; x_wconf 77' lang='lat' dir='ltr'>tii,</span> <span class='ocrx_word' id='word_1_257' title='bbox 126 2758 154 2795; x_wconf 91' lang='lat' dir='ltr'>ut</span> <span class='ocrx_word' id='word_1_258' title='bbox 166 2744 378 2810; x_wconf 82' lang='lat' dir='ltr'>cinnamomum,</span> <span class='ocrx_word' id='word_1_259' title='bbox 396 2756 526 2820; x_wconf 86' lang='lat' dir='ltr'>tanquam</span> <span class='ocrx_word' id='word_1_260' title='bbox 541 2736 606 2795; x_wconf 88' lang='lat' dir='ltr'>vilis</span> <span class='ocrx_word' id='word_1_261' title='bbox 617 2756 720 2805; x_wconf 82' lang='lat' dir='ltr'>cortex,</span> <span class='ocrx_word' id='word_1_262' title='bbox 746 2738 783 2793; x_wconf 85' lang='lat' dir='ltr'>ad</span> <span class='ocrx_word' id='word_1_263' title='bbox 800 2740 873 2815; x_wconf 77' lang='lat' dir='ltr'>ignis</span> <span class='ocrx_word' id='word_1_264' title='bbox 896 2736 972 2798; x_wconf 79' lang='lat' dir='ltr'>uism</span> <span class='ocrx_word' id='word_1_265' title='bbox 990 2742 1036 2797; x_wconf 91' lang='lat' dir='ltr'>di-</span> 
     </span>
     <span class='ocr_line' id='line_1_31' title="bbox 71 2810 1036 2901; baseline -0.001 -26"><span class='ocrx_word' id='word_1_266' title='bbox 71 2816 140 2875; x_wconf 76' lang='lat' dir='ltr'>lium</span> <span class='ocrx_word' id='word_1_267' title='bbox 152 2812 227 2885; x_wconf 86' lang='lat' dir='ltr'>elset,</span> <span class='ocrx_word' id='word_1_268' title='bbox 243 2832 301 2871; x_wconf 78' lang='lat' dir='ltr'>tota</span> <span class='ocrx_word' id='word_1_269' title='bbox 314 2833 408 2871; x_wconf 82' lang='lat' dir='ltr'>tamen</span> <span class='ocrx_word' id='word_1_270' title='bbox 421 2814 525 2870; x_wconf 88' lang='lat' dir='ltr'>invidia</span> <span class='ocrx_word' id='word_1_271' title='bbox 546 2815 574 2869; x_wconf 87' lang='lat' dir='ltr'>in</span> <span class='ocrx_word' id='word_1_272' title='bbox 591 2810 779 2901; x_wconf 79' lang='lat' dir='ltr'>Duglass&#39;ranos</span> <span class='ocrx_word' id='word_1_273' title='bbox 801 2810 878 2871; x_wconf 70' lang='lat' dir='ltr'>verli</span> <span class='ocrx_word' id='word_1_274' title='bbox 892 2812 937 2872; x_wconf 86' lang='lat' dir='ltr'>cll.</span> <span class='ocrx_word' id='word_1_275' title='bbox 974 2818 1036 2873; x_wconf 86' lang='lat' dir='ltr'>ilae</span> 
     </span>
     <span class='ocr_line' id='line_1_32' title="bbox 76 2886 1031 2969; baseline -0.002 -20"><span class='ocrx_word' id='word_1_276' title='bbox 76 2912 105 2949; x_wconf 89' lang='lat' dir='ltr'>m</span> <span class='ocrx_word' id='word_1_277' title='bbox 117 2893 329 2949; x_wconf 69' lang='lat' dir='ltr'>commutatione</span> <span class='ocrx_word' id='word_1_278' title='bbox 342 2886 423 2957; x_wconf 69' lang='lat' dir='ltr'>facia,</span> <span class='ocrx_word' id='word_1_279' title='bbox 441 2888 567 2960; x_wconf 85' lang='lat' dir='ltr'>latrones,</span> <span class='ocrx_word' id='word_1_280' title='bbox 585 2892 631 2969; x_wconf 91' lang='lat' dir='ltr'>qui</span> <span class='ocrx_word' id='word_1_281' title='bbox 640 2910 696 2962; x_wconf 68' lang='lat' dir='ltr'>,rin</span> <span class='ocrx_word' id='word_1_282' title='bbox 710 2888 758 2945; x_wconf 86' lang='lat' dir='ltr'>diu</span> <span class='ocrx_word' id='word_1_283' title='bbox 771 2906 846 2946; x_wconf 86' lang='lat' dir='ltr'>metu</span> <span class='ocrx_word' id='word_1_284' title='bbox 859 2911 874 2945; x_wconf 83' lang='lat' dir='ltr'>a</span> <span class='ocrx_word' id='word_1_285' title='bbox 887 2888 1031 2947; x_wconf 72' lang='lat' dir='ltr'>maleficiis</span> 
     </span>
     <span class='ocr_line' id='line_1_33' title="bbox 79 2961 1034 3053; baseline -0.001 -28"><span class='ocrx_word' id='word_1_286' title='bbox 79 2966 227 3037; x_wconf 69' lang='lat' dir='ltr'>incitantur,</span> <span class='ocrx_word' id='word_1_287' title='bbox 244 2964 380 3021; x_wconf 80' lang='lat' dir='ltr'>elntebris</span> <span class='ocrx_word' id='word_1_288' title='bbox 392 2961 444 3020; x_wconf 86' lang='lat' dir='ltr'>suis</span> <span class='ocrx_word' id='word_1_289' title='bbox 458 2962 627 3042; x_wconf 85' lang='lat' dir='ltr'>prodeuntes,</span> <span class='ocrx_word' id='word_1_290' title='bbox 643 2982 735 3020; x_wconf 90' lang='lat' dir='ltr'>omncs</span> <span class='ocrx_word' id='word_1_291' title='bbox 745 2968 869 3053; x_wconf 70' lang='lat' dir='ltr'>regiones</span> <span class='ocrx_word' id='word_1_292' title='bbox 877 2969 976 3023; x_wconf 82' lang='lat' dir='ltr'>vicinas</span> <span class='ocrx_word' id='word_1_293' title='bbox 989 2970 1034 3023; x_wconf 87' lang='lat' dir='ltr'>in·</span> 
     </span>
     <span class='ocr_line' id='line_1_34' title="bbox 85 3036 1035 3119; baseline -0.002 -18"><span class='ocrx_word' id='word_1_294' title='bbox 85 3042 177 3101; x_wconf 78' lang='lat' dir='ltr'>auibus</span> <span class='ocrx_word' id='word_1_295' title='bbox 190 3038 298 3109; x_wconf 73' lang='lat' dir='ltr'>infestas</span> <span class='ocrx_word' id='word_1_296' title='bbox 316 3038 469 3097; x_wconf 84' lang='lat' dir='ltr'>habebant:</span> <span class='ocrx_word' id='word_1_297' title='bbox 499 3038 528 3095; x_wconf 78' lang='lat' dir='ltr'>di</span> <span class='ocrx_word' id='word_1_298' title='bbox 543 3042 667 3119; x_wconf 85' lang='lat' dir='ltr'>quamvis</span> <span class='ocrx_word' id='word_1_299' title='bbox 678 3048 695 3097; x_wconf 90' lang='lat' dir='ltr'>&#39;a</span> <span class='ocrx_word' id='word_1_300' title='bbox 708 3040 803 3097; x_wconf 85' lang='lat' dir='ltr'>mulus</span> <span class='ocrx_word' id='word_1_301' title='bbox 824 3044 900 3099; x_wconf 86' lang='lat' dir='ltr'>varia</span> <span class='ocrx_word' id='word_1_302' title='bbox 914 3036 1035 3099; x_wconf 79' lang='lat' dir='ltr'>facinora</span> 
     </span>
     <span class='ocr_line' id='line_1_35' title="bbox 90 3112 1034 3197; baseline -0.002 -21"><span class='ocrx_word' id='word_1_303' title='bbox 90 3142 111 3177; x_wconf 90' lang='lat' dir='ltr'><strong>n</strong></span> <span class='ocrx_word' id='word_1_304' title='bbox 123 3119 273 3187; x_wconf 85' lang='lat' dir='ltr'>ederentur,</span> <span class='ocrx_word' id='word_1_305' title='bbox 290 3118 382 3173; x_wconf 87' lang='lat' dir='ltr'>omnia</span> <span class='ocrx_word' id='word_1_306' title='bbox 396 3118 519 3171; x_wconf 88' lang='lat' dir='ltr'>omnium</span> <span class='ocrx_word' id='word_1_307' title='bbox 530 3112 602 3172; x_wconf 80' lang='lat' dir='ltr'>furta</span> <span class='ocrx_word' id='word_1_308' title='bbox 612 3114 641 3171; x_wconf 78' lang='lat' dir='ltr'>u</span> <span class='ocrx_word' id='word_1_309' title='bbox 653 3114 748 3187; x_wconf 83' lang='lat' dir='ltr'>caedes,</span> <span class='ocrx_word' id='word_1_310' title='bbox 764 3114 799 3173; x_wconf 78' lang='lat' dir='ltr'>ab</span> <span class='ocrx_word' id='word_1_311' title='bbox 818 3116 922 3189; x_wconf 80' lang='lat' dir='ltr'>aulicis,</span> <span class='ocrx_word' id='word_1_312' title='bbox 938 3122 987 3197; x_wconf 87' lang='lat' dir='ltr'>qui</span> <span class='ocrx_word' id='word_1_313' title='bbox 1005 3114 1034 3177; x_wconf 85' lang='lat' dir='ltr'>se</span> 
     </span>
     <span class='ocr_line' id='line_1_36' title="bbox 99 3186 1036 3269; baseline 0.001 -18"><span class='ocrx_word' id='word_1_314' title='bbox 99 3193 149 3251; x_wconf 85' lang='lat' dir='ltr'>hac</span> <span class='ocrx_word' id='word_1_315' title='bbox 165 3214 193 3251; x_wconf 90' lang='lat' dir='ltr'>re</span> <span class='ocrx_word' id='word_1_316' title='bbox 206 3189 403 3268; x_wconf 73' lang='lat' dir='ltr'>gratificaturos</span> <span class='ocrx_word' id='word_1_317' title='bbox 414 3188 614 3261; x_wconf 84' lang='lat' dir='ltr'>existimabant,</span> <span class='ocrx_word' id='word_1_318' title='bbox 631 3192 659 3247; x_wconf 89' lang='lat' dir='ltr'>in</span> <span class='ocrx_word' id='word_1_319' title='bbox 672 3186 825 3265; x_wconf 72' lang='lat' dir='ltr'>Duglallios</span> <span class='ocrx_word' id='word_1_320' title='bbox 839 3190 1036 3269; x_wconf 82' lang='lat' dir='ltr'>reserebantur,</span> 
     </span>
     <span class='ocr_line' id='line_1_37' title="bbox 100 3264 852 3357; baseline -0.003 -30"><span class='ocrx_word' id='word_1_321' title='bbox 100 3290 165 3327; x_wconf 77' lang='lat' dir='ltr'>nen.</span> <span class='ocrx_word' id='word_1_322' title='bbox 183 3271 285 3349; x_wconf 86' lang='lat' dir='ltr'>alioqui</span> <span class='ocrx_word' id='word_1_323' title='bbox 299 3266 434 3357; x_wconf 72' lang='lat' dir='ltr'>populare,</span> <span class='ocrx_word' id='word_1_324' title='bbox 451 3265 487 3323; x_wconf 88' lang='lat' dir='ltr'>ad</span> <span class='ocrx_word' id='word_1_325' title='bbox 499 3264 594 3345; x_wconf 83' lang='lat' dir='ltr'>vulgus</span> <span class='ocrx_word' id='word_1_326' title='bbox 605 3264 767 3325; x_wconf 75' lang='lat' dir='ltr'>inuidiolism</span> <span class='ocrx_word' id='word_1_327' title='bbox 779 3266 852 3325; x_wconf 79' lang='lat' dir='ltr'>elice.</span> 
     </span>
     <span class='ocr_line' id='line_1_38' title="bbox 103 3340 1033 3423; baseline 0 -22"><span class='ocrx_word' id='word_1_328' title='bbox 103 3346 195 3402; x_wconf 70' lang='lat' dir='ltr'>&#39;xvlt</span> <span class='ocrx_word' id='word_1_329' title='bbox 212 3346 323 3403; x_wconf 88' lang='lat' dir='ltr'>Ineunte</span> <span class='ocrx_word' id='word_1_330' title='bbox 335 3366 391 3419; x_wconf 62' lang='lat' dir='ltr'>,nm</span> <span class='ocrx_word' id='word_1_331' title='bbox 404 3340 506 3411; x_wconf 86' lang='lat' dir='ltr'>bieme,</span> <span class='ocrx_word' id='word_1_332' title='bbox 521 3344 592 3413; x_wconf 86' lang='lat' dir='ltr'>Rex,</span> <span class='ocrx_word' id='word_1_333' title='bbox 610 3362 644 3399; x_wconf 90' lang='lat' dir='ltr'>ne</span> <span class='ocrx_word' id='word_1_334' title='bbox 656 3346 716 3423; x_wconf 89' lang='lat' dir='ltr'>quis</span> <span class='ocrx_word' id='word_1_335' title='bbox 728 3340 793 3398; x_wconf 84' lang='lat' dir='ltr'>elset</span> <span class='ocrx_word' id='word_1_336' title='bbox 810 3341 931 3401; x_wconf 77' lang='lat' dir='ltr'>exulibus</span> <span class='ocrx_word' id='word_1_337' title='bbox 941 3363 1033 3423; x_wconf 81' lang='lat' dir='ltr'>recep·</span> 
     </span>
     <span class='ocr_line' id='line_1_39' title="bbox 110 3414 1031 3487; baseline 0.003 -11"><span class='ocrx_word' id='word_1_338' title='bbox 110 3420 324 3479; x_wconf 74' lang='lat' dir='ltr'>l&#39;l&#39;entallnnem</span> <span class='ocrx_word' id='word_1_339' title='bbox 339 3438 428 3477; x_wconf 83' lang='lat' dir='ltr'>arcem</span> <span class='ocrx_word' id='word_1_340' title='bbox 447 3414 644 3487; x_wconf 64' lang='lat' dir='ltr'>Duglalliorum</span> <span class='ocrx_word' id='word_1_341' title='bbox 662 3420 832 3475; x_wconf 71' lang='lat' dir='ltr'>maritimam</span> <span class='ocrx_word' id='word_1_342' title='bbox 852 3418 1031 3479; x_wconf 78' lang='lat' dir='ltr'>oblidentiant</span> 
     </span>
     <span class='ocr_line' id='line_1_40' title="bbox 113 3492 867 3573; baseline -0.001 -20"><span class='ocrx_word' id='word_1_343' title='bbox 113 3494 197 3553; x_wconf 75' lang='lat' dir='ltr'>scitur.</span> <span class='ocrx_word' id='word_1_344' title='bbox 233 3497 266 3554; x_wconf 88' lang='lat' dir='ltr'>ld</span> <span class='ocrx_word' id='word_1_345' title='bbox 300 3518 334 3553; x_wconf 92' lang='lat' dir='ltr'>uo</span> <span class='ocrx_word' id='word_1_346' title='bbox 348 3498 454 3553; x_wconf 88' lang='lat' dir='ltr'>minore</span> <span class='ocrx_word' id='word_1_347' title='bbox 464 3492 558 3557; x_wconf 75' lang='lat' dir='ltr'>labore</span> <span class='ocrx_word' id='word_1_348' title='bbox 569 3494 598 3551; x_wconf 85' lang='lat'>&amp;</span> <span class='ocrx_word' id='word_1_349' title='bbox 609 3492 751 3573; x_wconf 86' lang='lat' dir='ltr'>impendio</span> <span class='ocrx_word' id='word_1_350' title='bbox 758 3492 867 3565; x_wconf 73' lang='lat' dir='ltr'>istene,</span> 
     </span>
     <span class='ocr_line' id='line_1_41' title="bbox 119 3519 1014 3653; baseline -0.001 -25"><span class='ocrx_word' id='word_1_351' title='bbox 119 3593 151 3629; x_wconf 79' lang='lat' dir='ltr'>sas</span> <span class='ocrx_word' id='word_1_352' title='bbox 174 3588 258 3629; x_wconf 81' lang='lat' dir='ltr'>aeneas</span> <span class='ocrx_word' id='word_1_353' title='bbox 275 3519 304 3631; x_wconf 58' lang='grc' dir='ltr'>ἓ(</span> <span class='ocrx_word' id='word_1_354' title='bbox 322 3570 457 3653; x_wconf 81' lang='lat' dir='ltr'>pulverem</span> <span class='ocrx_word' id='word_1_355' title='bbox 477 3589 492 3627; x_wconf 94' lang='lat' dir='ltr'>e</span> <span class='ocrx_word' id='word_1_356' title='bbox 510 3568 655 3627; x_wconf 84' lang='lat' dir='ltr'>Dnmbaro</span> <span class='ocrx_word' id='word_1_357' title='bbox 675 3589 734 3627; x_wconf 81' lang='lat' dir='ltr'>acce</span> <span class='ocrx_word' id='word_1_358' title='bbox 755 3572 784 3627; x_wconf 89' lang='lat' dir='ltr'>it.</span> <span class='ocrx_word' id='word_1_359' title='bbox 819 3570 860 3627; x_wconf 80' lang='lat' dir='ltr'>Ea</span> <span class='ocrx_word' id='word_1_360' title='bbox 915 3570 957 3627; x_wconf 90' lang='lat' dir='ltr'>M.</span> <span class='ocrx_word' id='word_1_361' title='bbox 976 3568 1014 3627; x_wconf 87' lang='lat' dir='ltr'>D.</span> 
     </span>
     <span class='ocr_line' id='line_1_42' title="bbox 122 3591 1032 3723; baseline 0 -18"><span class='ocrx_word' id='word_1_362' title='bbox 122 3648 283 3707; x_wconf 82' lang='lat' dir='ltr'>Tentrllone</span> <span class='ocrx_word' id='word_1_363' title='bbox 299 3647 342 3706; x_wconf 86' lang='lat' dir='ltr'>sest</span> <span class='ocrx_word' id='word_1_364' title='bbox 356 3646 443 3703; x_wconf 88' lang='lat' dir='ltr'>millia</span> <span class='ocrx_word' id='word_1_365' title='bbox 454 3644 555 3723; x_wconf 81' lang='lat' dir='ltr'>pallum</span> <span class='ocrx_word' id='word_1_366' title='bbox 568 3644 677 3715; x_wconf 79' lang='lat' dir='ltr'>diliana,</span> <span class='ocrx_word' id='word_1_367' title='bbox 694 3591 781 3703; x_wconf 69' lang='lat' dir='ltr'>adbuc</span> <span class='ocrx_word' id='word_1_368' title='bbox 794 3660 862 3723; x_wconf 69' lang='lat' dir='ltr'>pru·</span> <span class='ocrx_word' id='word_1_369' title='bbox 898 3646 1032 3706; x_wconf 80' lang='lat' dir='ltr'>xxvlll.</span> 
     </span>
     <span class='ocr_line' id='line_1_43' title="bbox 128 3716 865 3801; baseline -0.005 -20"><span class='ocrx_word' id='word_1_370' title='bbox 128 3730 220 3791; x_wconf 74' lang='lat' dir='ltr'>sannis,</span> <span class='ocrx_word' id='word_1_371' title='bbox 251 3742 336 3797; x_wconf 77' lang='lat' dir='ltr'>nuper</span> <span class='ocrx_word' id='word_1_372' title='bbox 354 3724 489 3799; x_wconf 75' lang='lat' dir='ltr'>Protegit,</span> <span class='ocrx_word' id='word_1_373' title='bbox 512 3719 587 3801; x_wconf 87' lang='lat' dir='ltr'>quod</span> <span class='ocrx_word' id='word_1_374' title='bbox 607 3724 617 3778; x_wconf 89' lang='lat' dir='ltr'>i</span> <span class='ocrx_word' id='word_1_375' title='bbox 637 3716 686 3777; x_wconf 78' lang='lat' dir='ltr'>lius</span> <span class='ocrx_word' id='word_1_376' title='bbox 705 3726 865 3799; x_wconf 79' lang='lat' dir='ltr'>patrimonii</span> 
     </span>
     <span class='ocr_line' id='line_1_44' title="bbox 133 3742 1032 3879; baseline -0.004 -24"><span class='ocrx_word' id='word_1_377' title='bbox 133 3820 160 3873; x_wconf 91' lang='lat' dir='ltr'>·t‚</span> <span class='ocrx_word' id='word_1_378' title='bbox 177 3800 327 3858; x_wconf 70' lang='lat' dir='ltr'>tenebitur.</span> <span class='ocrx_word' id='word_1_379' title='bbox 364 3796 418 3870; x_wconf 91' lang='lat' dir='ltr'>Ibi,</span> <span class='ocrx_word' id='word_1_380' title='bbox 435 3818 481 3879; x_wconf 85' lang='lat' dir='ltr'>per</span> <span class='ocrx_word' id='word_1_381' title='bbox 493 3797 600 3878; x_wconf 86' lang='lat' dir='ltr'>aliquot</span> <span class='ocrx_word' id='word_1_382' title='bbox 612 3742 681 3867; x_wconf 69' lang='lat' dir='ltr'>iles,</span> <span class='ocrx_word' id='word_1_383' title='bbox 698 3794 837 3865; x_wconf 87' lang='lat' dir='ltr'>oblidione</span> <span class='ocrx_word' id='word_1_384' title='bbox 856 3792 952 3855; x_wconf 80' lang='lat' dir='ltr'>frustra</span> <span class='ocrx_word' id='word_1_385' title='bbox 971 3810 1032 3851; x_wconf 82' lang='lat' dir='ltr'>ten·</span> 
     </span>
     <span class='ocr_line' id='line_1_45' title="bbox 138 3870 1032 3951; baseline -0.007 -18"><span class='ocrx_word' id='word_1_386' title='bbox 138 3899 158 3933; x_wconf 92' lang='lat' dir='ltr'>n</span> <span class='ocrx_word' id='word_1_387' title='bbox 169 3898 201 3933; x_wconf 88' lang='lat' dir='ltr'>ex</span> <span class='ocrx_word' id='word_1_388' title='bbox 212 3874 317 3935; x_wconf 82' lang='lat' dir='ltr'>obsellis</span> <span class='ocrx_word' id='word_1_389' title='bbox 330 3893 421 3943; x_wconf 84' lang='lat' dir='ltr'>nemo,</span> <span class='ocrx_word' id='word_1_390' title='bbox 440 3894 472 3931; x_wconf 84' lang='lat' dir='ltr'>ex</span> <span class='ocrx_word' id='word_1_391' title='bbox 484 3871 665 3930; x_wconf 80' lang='lat' dir='ltr'>obsidentibus</span> <span class='ocrx_word' id='word_1_392' title='bbox 679 3872 786 3951; x_wconf 83' lang='lat' dir='ltr'>nliquot</span> <span class='ocrx_word' id='word_1_393' title='bbox 797 3870 868 3945; x_wconf 73' lang='lat' dir='ltr'>carli,</span> <span class='ocrx_word' id='word_1_394' title='bbox 885 3870 1032 3941; x_wconf 79' lang='lat' dir='ltr'>vulnerati,</span> 
     </span>
    </p>
   </div>
   <div class='ocr_carea' id='block_1_3' title="bbox 146 3944 1038 4107">
    <p class='ocr_par' dir='ltr' id='par_1_3' title="bbox 146 3944 1038 4107">
     <span class='ocr_line' id='line_1_46' title="bbox 175 3944 1029 4017; baseline -0.004 -10"><span class='ocrx_word' id='word_1_395' title='bbox 175 3953 263 4009; x_wconf 84' lang='lat' dir='ltr'>uleere</span> <span class='ocrx_word' id='word_1_396' title='bbox 277 3953 359 4009; x_wconf 84' lang='lat' dir='ltr'>afflati</span> <span class='ocrx_word' id='word_1_397' title='bbox 368 3948 461 4017; x_wconf 78' lang='lat' dir='ltr'>eliens,</span> <span class='ocrx_word' id='word_1_398' title='bbox 478 3970 506 4006; x_wconf 91' lang='lat' dir='ltr'>re</span> <span class='ocrx_word' id='word_1_399' title='bbox 521 3948 618 4007; x_wconf 77' lang='lat' dir='ltr'>inlellu</span> <span class='ocrx_word' id='word_1_400' title='bbox 631 3944 769 4005; x_wconf 81' lang='lat' dir='ltr'>distell&#39;um</span> <span class='ocrx_word' id='word_1_401' title='bbox 782 3948 828 4006; x_wconf 82' lang='lat' dir='ltr'>eli.</span> <span class='ocrx_word' id='word_1_402' title='bbox 864 3950 940 4007; x_wconf 92' lang='lat' dir='ltr'>Inter</span> <span class='ocrx_word' id='word_1_403' title='bbox 952 3946 1029 4005; x_wconf 87' lang='lat' dir='ltr'>rede·</span> 
     </span>
     <span class='ocr_line' id='line_1_47' title="bbox 146 3974 1038 4107; baseline -0.011 -20"><span class='ocrx_word' id='word_1_404' title='bbox 146 3974 235 4087; x_wconf 63' lang='lat' dir='ltr'>ibreii</span> <span class='ocrx_word' id='word_1_405' title='bbox 250 4029 430 4097; x_wconf 78' lang='lat' dir='ltr'>Falconarius,</span> <span class='ocrx_word' id='word_1_406' title='bbox 447 4028 494 4107; x_wconf 87' lang='lat' dir='ltr'>qni</span> <span class='ocrx_word' id='word_1_407' title='bbox 507 4046 568 4083; x_wconf 88' lang='lat' dir='ltr'>cum</span> <span class='ocrx_word' id='word_1_408' title='bbox 581 4024 671 4101; x_wconf 68' lang='lat' dir='ltr'>pellite</span> <span class='ocrx_word' id='word_1_409' title='bbox 693 4027 863 4083; x_wconf 78' lang='lat' dir='ltr'>mercenario</span> <span class='ocrx_word' id='word_1_410' title='bbox 880 4025 917 4081; x_wconf 83' lang='lat' dir='ltr'>ad</span> <span class='ocrx_word' id='word_1_411' title='bbox 930 4022 1038 4079; x_wconf 72' lang='lat' dir='ltr'>macini-</span> 
     </span>
    </p>
   </div>
   <div class='ocr_carea' id='block_1_4' title="bbox 153 4098 1084 4241">
    <p class='ocr_par' dir='ltr' id='par_1_4' title="bbox 153 4098 1084 4241">
     <span class='ocr_line' id='line_1_48' title="bbox 153 4098 1084 4241; baseline -0.011 -78"><span class='ocrx_word' id='word_1_412' title='bbox 153 4106 247 4165; x_wconf 82' lang='lat' dir='ltr'>tandas</span> <span class='ocrx_word' id='word_1_413' title='bbox 260 4122 316 4165; x_wconf 83' lang='lat' dir='ltr'>erat</span> <span class='ocrx_word' id='word_1_414' title='bbox 332 4100 451 4179; x_wconf 75' lang='lat' dir='ltr'>relillus,</span> <span class='ocrx_word' id='word_1_415' title='bbox 467 4101 502 4241; x_wconf 79' lang='lat' dir='ltr'>an</span> <span class='ocrx_word' id='word_1_416' title='bbox 521 4098 656 4241; x_wconf 56' lang='lat' dir='ltr'>{quiribus</span> <span class='ocrx_word' id='word_1_417' title='bbox 667 4098 875 4187; x_wconf 54' lang='lat' dir='ltr'>Dufdaffiatiss,</span> <span class='ocrx_word' id='word_1_418' title='bbox 887 4102 929 4161; x_wconf 74' lang='lat' dir='ltr'>ab</span> <span class='ocrx_word' id='word_1_419' title='bbox 938 4114 1084 4233; x_wconf 42' lang='lat' dir='ltr'>cusq&amp;x</span> 
     </span>
    </p>
   </div>
   <div class='ocr_carea' id='block_1_5' title="bbox 0 0 1162 4416">
    <p class='ocr_par' dir='ltr' id='par_1_5' title="bbox 0 0 1162 4416">
     <span class='ocr_line' id='line_1_49' title="bbox 0 0 1162 4416; baseline 0 0"><span class='ocrx_word' id='word_1_420' title='bbox 0 0 1162 4416; x_wconf 95' lang='lat' dir='ltr'> </span> 
     </span>
    </p>
   </div>
  </div>
 </body>
</html>
