2310 4418
208 327 225 334 μ,

185 422 189 429 ,
646 416 651 424 ι

316 536 449 642 Liber
465 548 666 643 Decimus
682 552 883 663 Septimus.
1021 576 1096 661 521

68 690 180 813 'teqtor2
197 684 319 757 iratum,
335 700 369 743 ta
383 678 555 743 οιιιιιὶιιοιιε
567 684 656 759 augit
674 696 779 759 accepta
794 700 878 763 quam
902 676 1027 761 probata,
1045 680 1101 739 dis-

66 780 109 817 cet
122 776 183 813 rtur.

111 832 229 893 XXXII.
246 830 287 893 Ea
301 832 401 905 allate,
422 828 536 913 Legatir
555 836 681 913 utrinque
699 828 793 903 missu,
810 829 951 912 agebatur,
969 850 997 889 nt
1010 835 1096 911 Regi-

69 927 114 967 nae
127 908 267 967 Scotorum
281 912 310 969 ὅ(
323 912 479 991 Anglorum
490 910 605 967 Eboraci
616 911 854 989 congrederentur,
873 908 966 987 ibique
979 911 1013 965 dc
1024 909 1097 966 mul-
1130 908 1140 923 ⁵

67 986 105 1041 tir
113 982 302 1046 controversiis
314 987 509 1065 transigerent:
521 986 568 1053 sed
577 1006 637 1043 cum
670 1004 733 1065 ropc
746 986 783 1043 ad
791 987 847 1045 iter
858 982 885 1042 se
895 1002 1096 1058 compararent,

69 1063 153 1118 resin
167 1061 241 1119 aliud
261 1082 366 1143 tempus
383 1058 480 1137 rejtfta
495 1060 541 1119 en.
577 1058 638 1119 Cau
660 1063 678 1117 'a
696 1060 840 1119 differendi
859 1060 988 1142 colloquii
1011 1062 1094 1141 vulgo

68 1132 217 1213 serebatur,
233 1141 308 1219 quod
322 1139 476 1211 Atuualius,
493 1132 611 1196 eGustis
630 1136 760 1195 fratribus
784 1157 859 1208 unus,
876 1138 968 1195 literar
994 1138 1096 1207 Legati

67 1212 192 1293 Anglici,
210 1220 258 1295 qui
283 1221 310 1273 in
323 1214 384 1274 aula
399 1212 575 1271 Gallicarum
589 1214 697 1295 agebat,
714 1210 889 1295 resignasset:
909 1200 1093 1295 quodque1il-

66 1286 161 1365 liuto
194 1309 224 1347 ra
238 1295 371 1365 maxime,
393 1295 471 1347 navic
494 1290 621 1369 Anglrcn,
648 1310 710 1371 qua
727 1290 843 1347 alterum
865 1288 982 1349 vehebat
1003 1291 1095 1367 Lega-

68 1382 141 1435 tum,
158 1310 249 1423 sdisset
263 1366 377 1447 direpta.
416 1362 458 1423 Ita
480 1386 524 1439 ue,
540 1365 629 1438 rebus,
655 1369 693 1422 uti
715 1366 847 1427 credibile
858 1384 928 1437 erat,
953 1366 1093 1424 obbas&

69 1438 139 1499 aliar
151 1444 272 1517 injurias,
291 1446 327 1501 ad
345 1438 448 1501 bellem
460 1387 608 1501 ‘bellicum
629 1442 775 1514 inclinatis,
792 1444 899 1533 Regina
917 1444 1021 1499 tFano
1032 1444 1093 1497 An-

69 1516 144 1651 dgeoe
156 1518 358 1649 Ecqlidmburgum
379 1515 511 1599 prosena,
538 1520 675 1577 Aranium
688 1520 785 1576 codem
803 1516 888 1590 milit,
916 1518 944 1574 δι
958 1522 987 1575 in
1000 1539 1090 1577 arcem

66 1612 173 1651 arcon
195 1616 203 1650 t
225 1613 247 1651 rt

10 1736 12 1746 Ι
66 1666 72 1677 “
97 1652 240 1728 {xxm
258 1668 364 1727 Interea
376 1664 494 1749 Jacnbur
505 1652 559 1743 ejt'u
571 1662 666 1742 frater,
681 1670 818 1735 Havicum
832 1668 868 1727 ad
879 1665 1048 1749 frequentem
1060 1672 1089 1726 iu

67 1736 125 1802 llllr
144 1744 207 1803 locis
222 1762 371 1803 mercatum
390 1740 534 1819 proseslur,
551 1749 749 1825 quinquaginta
764 1766 779 1801 e
792 1746 939 1816 latronum,
958 1747 1006 1824 qui
1024 1745 1090 1802 illuc

66 1818 259 1893 couvenerant,
276 1822 426 1894 primariis,
449 1824 590 1900 inopinato
602 1828 721 1879 adventu
733 1819 874 1903 oppressit:
901 1825 1003 1877 caretis
1020 1825 1091 1877 circa

66 1898 210 1977 'provinciis
234 1915 338 1955 metum
356 1900 495 1977 ingentem
517 1892 631 1967 incussit,
661 1896 690 1954 ἅτ
712 1914 800 1955 totum
819 1896 898 1953 illum
917 1896 1035 1953 traslum
1054 1896 1091 1951 ad

68 1988 174 2055 tempus
186 1974 350 2048 quietiorem
361 1972 494 2030 reddidit.
528 1972 633 2029 Verum
646 1973 675 2029 id
690 1971 807 2045 sudium,
824 1991 854 2029 ur
871 1992 994 2029 nmorcm
1007 1970 1035 2029 &
1049 1992 1093 2027 re-

68 2054 220 2107 verentiam
240 2048 373 2107 bonorum
385 2050 412 2106 ei
429 2047 601 2120 conciliabat,
618 2052 656 2105 ira
675 2050 831 2113 invidorum
845 2052 950 2105 arrienos
963 2051 1051 2127 mapir
1061 2068 1092 2103 nc

63 2131 159 2207 tnagis
173 2128 203 2181 in
216 2128 270 2200 ejus
282 2126 398 2183 exitium
419 2124 506 2180 indier
520 2124 719 2183 inflammabat.
755 2125 841 2195 Nam,
858 2126 894 2181 ad
906 2143 959 2181 tres
970 2122 1092 2181 similias

66 2198 271 2283 potentissimas,
288 2206 317 2260 in
330 2206 385 2277 ejus
393 2204 539 2280 perniciem
552 2204 660 2272 prorsas,
685 2199 784 2271 accessu
797 2198 941 2257 Gusrorum
953 2200 1091 2271 conspira-

65 2280 118 2333 tio.
153 2278 193 2335 Hi
205 2284 291 2350 enim,
313 2298 377 2334 eum
390 2295 494 2333 veteres
506 2272 630 2333 Ecclesiae
639 2278 773 2333 Rornanae
782 2280 849 2333 ritnr
861 2276 964 2332 reslitui
979 2278 1089 2347 vellent,

65 2370 116 2409 nec
130 2353 156 2408 id
171 2355 235 2410 viro
249 2353 377 2411 Moravio
389 2350 481 2431 persici
495 2348 568 2425 posse
580 2351 787 2420 arbitrarentur,
796 2351 832 2409 ad
845 2370 908 2409 eum
922 2355 1018 2433 quovis
1029 2371 1091 2407 mo-

66 2428 107 2483 do
118 2427 267 2485 tollendum
282 2448 392 2486 omnem
412 2430 515 2507 ingenii
538 2430 596 2485 vim
610 2427 791 2484 intenderunt.
826 2427 1091 2561 §fflmls‘sp‘mndi

812 2523 829 2559 ο
887 2526 901 2561 ι
927 2525 946 2573 r,

65 2500 171 2561 sceleris
187 2504 272 2563 multa
285 2508 323 2561 eir
335 2503 468 2561 faciebant
481 2528 488 2560 ε
505 2506 535 2559 in
547 2505 644 2576 primis
656 2518 760 2575 autem,
795 2524 812 2558 o

65 2580 351 2658 ginam2dtduxerant,
368 2580 482 2638 domum
495 2574 603 2649 rttcrb,
621 2597 731 2659 qunotte
752 2524 835 2637 essent
856 2576 992 2636 Gordonir
1014 2598 1089 2658 oper,

64 2676 151 2746 quam
165 2660 193 2713 in
216 2661 299 2715 uietur
311 2660 428 2723 animur,
444 2676 531 2735 quam
542 2660 608 2711 item
622 2676 734 2733 operam
748 2658 776 2713 in
785 2650 867 2712 Milsa
880 2654 1018 2719 adertnda
1029 2656 1089 2735 pol-

65 2734 155 2790 licitus
167 2678 242 2801 essct,
259 2734 349 2790 omnia
363 2734 483 2813 paullum
495 2730 524 2788 su
542 2750 571 2788 ra
585 2750 681 2789 verum
695 2750 832 2809 augentes,
848 2730 1037 2803 exposuissent,
1054 2752 1085 2787 re

64 2810 95 2867 ln
108 2807 168 2865 aula
182 2804 288 2867 Gallica
300 2806 418 2865 multum
431 2810 500 2864 inter
533 2824 661 2879 apanora
684 2812 769 2867 itata:
787 2808 844 2865 bec
862 2812 918 2881 eju,-
941 2806 1087 2881 perficiun-

66 2882 455 2943 daerariotaodtmcstinitu.
489 2880 658 2939 Scribuntnd
699 2889 819 2960 eginum,
846 2884 865 2913 “
891 2884 931 2939 Ut
950 2883 1088 2940 Gordonii

64 2966 83 2993 “
98 2960 251 3019 vecordiam
265 2954 398 3033 promissis
412 2958 485 3015 alat:
502 2960 604 3036 Joanni
617 2964 672 3031 ejus
685 2958 744 3017 filio
763 2956 838 3032 spem
850 2956 957 3015 suarum
974 2963 1086 3033 nuptia-

64 3038 86 3070 “
99 3057 160 3093 rum
171 3038 259 3113 magis
272 3032 393 3103 oslentet,
409 3053 493 3113 quam
507 3038 669 3105 promittat:
688 3050 728 3107 ut,
739 3032 789 3091 linc
801 3036 847 3108 spe
858 3053 1012 3107 otcoecatur,
1029 3052 1085 3116 quo

63 3114 84 3145 “
98 3112 209 3185 vellent,
225 3110 454 3185 impelleretur:”
487 3105 565 3165 simul
585 3112 697 3168 nomina
717 3130 810 3169 eorum
824 3111 918 3179 edunt,
964 3132 1010 3169 nor
1031 3130 1085 3167 una

66 3191 190 3253 interimi
209 3186 317 3245 vellent.
352 3184 401 3242 nt
419 3182 475 3245 hac
493 3184 581 3243 literoe
603 3182 740 3244 Pontificio
758 3186 919 3245 Romani&
957 3186 1087 3257 ardintl'u

64 3264 164 3325 eodem
179 3264 336 3322 incitabant.
374 3264 448 3319 Nam
458 3281 518 3317 cum
532 3262 568 3317 ad
580 3262 770 3334 immodicum,
787 3267 830 3319 cui
842 3266 948 3339 Regina
958 3263 1086 3336 allueret,

62 3340 169 3413 luxum,
188 3359 250 3414 oper
260 3340 374 3414 publica
384 3357 437 3395 non
448 3332 603 3409 sufficerent,
618 3358 635 3394 a
647 3334 776 3395 Pontifice
788 3334 917 3397 nomano
932 3343 1084 3410 pecuniam,

61 3410 196 3497 tanquam
209 3418 245 3473 ad
269 3416 382 3485 bellum,
399 3410 524 3472 adversus
535 3432 580 3471 eor
591 3417 640 3493 qui
657 3414 692 3471 ab
706 3412 819 3473 Ecclesia
839 3419 965 3473 Romana
977 3411 1085 3473 desece-

62 3510 136 3565 tant,
154 3490 283 3567 poposcit.
306 3486 631 3563 ltrescriplitobsturitu,
647 3486 693 3547 sed
703 3488 859 3550 Cardinalir
870 3509 975 3563 aperte,
1002 3494 1021 3525 “
1034 3491 1084 3549 Pe-

63 3573 83 3603 “
96 3572 217 3641 cuniam,
233 3569 269 3625 ad
283 3568 311 3626 id
326 3565 427 3624 bellurn
439 3582 493 3621 non
504 3562 677 3625 defuturam:
694 3562 740 3623 sed
752 3570 786 3625 iis
800 3568 912 3623 demum
925 3560 1084 3635 interscslir,

62 3649 82 3679 “
96 3664 211 3726 quorum
220 3648 330 3701 nomina
341 3638 425 3699 essent
433 3642 516 3698 edita.
544 3642 600 3699 Har
609 3642 716 3719 Regina
729 3643 867 3713 Moravio,
877 3640 1035 3724 caeterisque
1044 3644 1082 3700 ad

62 3724 166 3782 caedem
182 3718 330 3790 destinatis,
346 3720 437 3775 literas
456 3716 579 3787 ollendir,
597 3715 652 3773 sive
662 3718 736 3798 quod
746 3719 876 3776 indicium
889 3718 982 3775 adeor
994 3722 1082 3777 aliun·

62 3800 98 3855 de
112 3792 278 3872 permanasse
286 3794 417 3863 crederet,
435 3790 488 3851 five
498 3811 526 3849 ut
539 3795 626 3852 animi
646 3790 750 3865 sinceri,
765 3794 794 3853 dt
806 3794 907 3857 occulta
918 3791 1029 3855 confilra
1043 3794 1080 3855 ab

63 3880 98 3934 iis
109 3892 163 3931 non
181 3868 339 3944 scparmtis,
355 3867 455 3928 faceret
468 3868 561 3928 iidem.

101 3940 230 4009 XXXIV.
247 3951 348 4021 igitur,
357 3948 460 4007 caeteris
472 3946 509 4003 ad
519 3943 620 4003 facinus
628 3940 827 4025 exsequendum
839 3950 1015 4019 comparatis,
1025 3950 1082 4005 Re·

61 4031 127 4107 gina
140 4044 242 4103 magno
254 4022 389 4082 defiderio
401 4024 487 4080 teneri
500 4019 619 4091 simulat,
635 4039 697 4078 eam
707 4018 806 4079 Scotioe
824 4040 941 4093 partem,
959 4042 1018 4103 qnae
1043 4026 1082 4081 nd

60 4102 256 4179 septentriones
267 4104 368 4181 vergit,
383 4098 537 4159 invisendi:
555 4096 586 4157 dt
604 4094 673 4155 banc
684 4098 740 4172 ejus
749 4097 939 4171 cupiditatem
947 4096 1102 4155 nuruum-

62 4202 102 4265 us,
118 4178 272 4244 liberaliter
280 4178 432 4256 inritando,
449 4178 549 4318 aleb}
589 4174 738 4262 Tandem,
762 4194 833 4245 cum
848 4174 965 4245 ibren
976 4203 984 4219 =
1011 4215 1012 4218 =

972 2507 1020 2595 qui
1032 2505 1088 2559 Rc-
