2316 4416
398 94 528 183 libes·
555 93 743 184 offidaro.
1011 130 1089 209 229

62 218 155 291 disset,
173 223 293 297 gratiter
315 222 445 298 increpita
458 241 551 277 eorum
567 226 689 297 ignavia,
707 221 886 284 exclamavit,
917 223 937 249 ‘³
957 221 1016 299 Qui
1030 246 1088 280 rem

10 350 13 355 .
63 301 84 331 “
95 300 233 357 suotream
247 293 349 353 salvam
362 297 507 368 vultis,me
517 298 662 375 sequimini
676 322 682 354 :
700 298 729 354 δί
743 319 803 354 cum
818 299 891 354 dlc'so
902 317 1022 377 correpta
1033 302 1091 356 lan-

10 434 12 439 ,
28 378 32 387 “
63 370 242 507 ttabctruRis
253 392 315 429 eum
329 372 455 429 alacriter
468 370 647 509 sequentibus,
666 378 694 430 in
708 373 878 455 populatores
895 392 980 439 vanos
1003 381 1091 457 impe-

64 466 94 507 ΙΙΙ

138 448 193 523 Gn,
210 466 269 507 tam
279 449 386 529 trepide
399 468 445 507 eos
456 451 493 506 ad
518 453 581 505 ittus
589 448 732 523 compulit,
749 470 789 521 ut,
806 436 996 532 ilumquil‘que
1009 470 1091 509 nates

10 572 12 577 .
41 522 242 596 ¹conscendere
262 522 381 598 fellinas,
404 544 458 583 una
479 526 605 585 navicula
626 529 751 583 irruentis
768 524 952 583 multitudinis
1009 529 1093 585 ndere

10 652 12 661 .
63 598 198 683 depressa,
211 600 435 659 eumvibioribus
486 605 583 661 derit.-
610 600 776 661 Ceciderunt
795 606 872 660 ineo
889 619 966 659 tumu
979 621 1007 660 tu
1030 604 1090 685 plus

63 688 157 739 minus
168 680 326 769 quingentis
337 697 370 735 ex
384 678 449 759 Aug
463 682 493 737 is.
529 678 564 737 ld
576 676 692 736 Sintlari
713 674 817 736 fadum
837 679 908 735 adeo
930 681 1002 758 Regi
1026 701 1092 761 gra-

26 778 29 799 :
66 772 127 837 eum
141 750 207 828 suat,
224 751 416 835 utstmperab
428 774 462 813 eo
481 772 604 835 tempore
622 753 700 813 suum
721 756 803 813 illum
825 754 970 837 appellaret
983 755 1091 838 lipisco·

86 852 166 889 um..

22 918 33 1021 q
67 852 197 975 Pva.
213 904 267 965 Illa
280 904 381 977 allate,
396 925 470 980 cum,
497 903 533 963 ob
557 921 671 963 annonae
696 908 848 985 penuriam,
871 903 900 963 δι
913 904 1040 996 vulgatos
1062 914 1092 968 in

63 985 163 1041 omnia
173 978 232 1041 fere
240 978 382 1043 mansueta
392 980 525 1041 animalia
543 984 664 1053 morbos,
680 998 739 1039 tum
752 982 788 1040 ob
800 981 953 1064 frequentes
965 982 1093 1044 incursio·

21 1026 30 1129 l
65 1058 188 1139 necno,
211 1062 247 1119 iae
257 1064 381 1139 regiones
392 1079 487 1117 omnes
499 1057 584 1115 Scotis
596 1060 754 1139 propinqua
767 1077 833 1139 pene
845 1058 952 1117 inculto:
965 1063 1096 1132 jacerem

21 1140 30 1169 ¹'
64 1136 170 1195 lruican
197 1156 217 1193 o
228 1154 259 1193 ut
270 1136 425 1193 mederetur
438 1134 555 1216 Anglus,
571 1136 726 1193 Eboracum
738 1141 834 1194 venit:
852 1154 966 1216 cumque
986 1138 1026 1195 ibi
1043 1159 1093 1197 ex-

62 1214 182 1271 ercitum
193 1211 231 1271 ob
243 1214 377 1270 cultorum
390 1215 557 1284 paucitatem
575 1210 706 1270 conficere
725 1230 781 1269 non
804 1210 900 1286 posset,
922 1210 1009 1269 coasli
1031 1211 1092 1272 sunt

17 1334 21 1351 .
65 1284 265 1360 Londinenses,
279 1287 310 1345 ἃ
322 1307 419 1347 eorum
432 1289 525 1359 vieini,
563 1308 700 1371 uanquam
718 1287 840 1371 plerique
858 1289 1027 1346 uacationem
1041 1290 1095 1350 ha-

14 1354 23 1443 l
63 1366 173 1435 berent,
191 1364 311 1421 militem
324 1366 399 1423 dare.
436 1366 479 1423 Ita
491 1308 603 1423 tandem
615 1361 745 1423 confessis
765 1368 862 1439 copiis,
889 1363 926 1421 ad
948 1364 1092 1427 bervicum

13 1456 23 1505 :-
61 1438 247 1501 obsidendum
261 1438 444 1520 proficiscitur.
480 1440 780 1512 Eovixdumvenerat,
794 1461 856 1497 cum
869 1438 997 1499 Thomas
1012 1445 1091 1503 Ran.

11 1514 19 1591 ,Ι
62 1515 194 1605 dulpltus,
211 1514 318 1575 diveffa
338 1521 459 1595 regione,
476 1516 581 1575 Solvaeo
594 1537 674 1575 amne
687 1515 823 1590 sirperuto,
841 1515 975 1573 Arrnliam
990 1517 1093 1594 ingres-

11 1616 16 1637 ¹
59 1594 118 1666 sus,
133 1588 211 1651 ferro
223 1592 392 1677 flammaque
406 1595 501 1650 omnia
513 1594 610 1665 vastat,
639 1596 751 1651 nemine
775 1612 830 1650 non
841 1566 927 1650 modo
946 1590 1093 1666 resiliente,

10 1674 16 1695 '
61 1670 112 1729 sed
123 1669 261 1751 plerisque
273 1673 302 1725 in
315 1668 381 1727 locis
394 1673 441 1727 vix
453 1690 592 1751 quoquam
605 1667 698 1727 obvio.
735 1668 812 1727 Nam
830 1668 885 1727 lues
897 1667 1032 1748 superiore
1044 1692 1094 1729 an·

10 1744 20 1757 '
59 1768 102 1807 no
114 1764 223 1805 tanum
237 1743 338 1805 fecerat
358 1744 523 1817 vastitatem,
541 1743 663 1803 utfacies
676 1764 766 1805 rtrum
785 1765 833 1826 pro
880 1745 998 1804 ltolsibus
1011 1745 1094 1806 misc-

10 1812 17 1893 ἱ
60 1822 165 1883 rabilis
175 1840 333 1881 occurreret.
370 1823 443 1878 Cum
469 1822 539 1878 ultra
556 1841 665 1879 centum
685 1821 776 1879 missu
792 1821 917 1913 paruum
937 1823 1009 1880 Senti
1031 1845 1094 1905 pro-

10 1904 17 1913 '
60 1896 148 1981 gressi
156 1897 254 1970 essent,
270 1901 418 1979 omniaque
430 1899 571 1967 incendiis,
588 1918 619 1955 ac
639 1902 759 1955 maxims
776 1918 844 1957 circa
859 1899 1021 1971 Eboracum,
1039 1899 1092 1959 foe·

10 1982 23 2047 ’,
61 1972 245 2039 &terimi
255 1978 344 2057 magis
357 1976 516 2049 indignitas,
527 1995 611 2054 quam
623 1976 723 2031 virium
738 1972 840 2033 fiducia
850 1973 1091 2056 Archiepiseopum

10 2074 12 2087 ¹
62 2072 147 2111 arma
159 2046 264 2109 firmere
275 2053 371 2131 coegit.
409 2053 446 2122 ls,
462 2050 525 2111 satis
537 2046 680 2107 numeroso
693 2051 817 2130 quidem,
832 2050 879 2109 sed
893 2053 998 2109 imbelli
1012 2074 1091 2111 extr·

60 2125 289 2197 citucolleiio,e
328 2124 460 2186 romiscua
479 2128 657 2185 multitudine
672 2124 893 2197 sacrificulorum,
910 2127 939 2185 δε
952 2129 1096 2211 opificum,

10 2218 14 2231 '
62 2226 98 2263 ac
117 2223 290 2285 operarumt
331 2209 443 2275 icarum,
471 2225 532 2261 cum
547 2201 672 2262 adversus
686 2203 849 2281 praedatores
864 2206 967 2277 majore
979 2208 1093 2265 audacia

10 2256 15 2341 l
62 2300 155 2364 quam
166 2276 278 2337 consilio
292 2276 416 2350 duxisset,
442 2280 529 2337 vissus
548 2300 580 2337 ac
603 2280 771 2363 profligatus,
790 2278 917 2371 plurimis
942 2276 1048 2340 suorum
1063 2287 1093 2338 in

64 2356 167 2437 prelio
179 2353 292 2425 amillis,
308 2355 436 2437 ipserum
452 2364 540 2434 prucis
553 2352 633 2433 fugit.
651 2356 743 2413 Tanta
757 2356 798 2411 ibi
811 2353 981 2413 sacerdotum
993 2358 1094 2435 strages

10 2454 16 2483 υ
62 2434 131 2503 sitit,
150 2448 181 2487 ut
191 2432 225 2490 ab
237 2432 335 2505 Anglis
347 2434 395 2488 diu
409 2431 475 2487 illud
489 2429 572 2489 fuerit
585 2434 712 2507 prelium
735 2431 839 2489 Album
856 2438 1092 2512 cognominatum.

64 2508 225 2580 Etluardus,
242 2494 336 2567 auilita
349 2506 457 2564 suorum
470 2508 557 2579 clade,
585 2528 707 2566 metucns
729 2528 763 2564 ne
775 2508 864 2567 vidior
884 2510 991 2589 aliquid
1006 2516 1093 2583 majus

11 2600 15 2605 '
65 2583 225 2658 moliretur,
242 2582 383 2643 obsidione
396 2582 493 2654 soluta,
510 2584 674 2658 Eboracum,
702 2584 801 2641 deinde
827 2586 1042 2667 (recipientibus
1065 2582 1092 2645 sc

10 2670 16 2727 ἱ
65 2660 169 2728 Sentis)
188 2662 216 2717 in
228 2662 359 2719 intimum
374 2680 489 2741 regnum
503 2659 580 2721 abiis.

10 2738 16 2803 ζ
105 2736 213 2795 XLVI.
229 2736 324 2812 Anglo
336 2736 488 2795 domesticis
500 2733 661 2793 tumultibus
670 2752 806 2817 occupato,
818 2734 912 2794 breves
925 2738 1041 2799 induoiae
1052 2734 1093 2797 st-

65 2832 140 2873 eutae
152 2809 222 2881 sunt,
239 2814 361 2893 Regibus
374 2816 462 2893 magis
475 2812 547 2869 bello
561 2810 638 2883 feliis,
656 2834 739 2893 quam
752 2813 858 2895 alioqui
875 2812 1033 2893 pacificandi
1047 2837 1093 2873 tu-

10 2894 12 2951 ]
65 2890 155 2964 pidis.
191 2890 319 2948 Hostibus
331 2893 417 2969 igitur
431 2888 635 2969 quiescentibus,
653 2890 789 2946 Robertus
801 2908 964 2948 conventum
976 2893 1072 2949 indicit
1086 2918 1095 2950 :

66 2982 183 3024 omnem
196 2966 381 3025 Nobilitatem
391 2964 481 3025 adesse
493 2965 574 3033 iubet.
611 2966 648 3023 lit
659 2969 726 3047 quia
740 2965 807 3023 belli
828 2967 948 3023 diutumi
964 2965 1095 3026 vicissitu-

10 3060 13 3069 ’
34 3072 43 3083 ·
66 3044 149 3100 dines
162 3044 221 3121 juta
232 3041 418 3117 possessionum
430 3040 617 3114 confuderant,
635 3044 762 3122 imperat,
788 3058 819 3100 ut
833 3042 872 3099 ibi
914 3040 1009 3122 uisque
1031 3065 1095 3122 pro-

66 3117 151 3189 strat,
169 3138 226 3200 quo
234 3124 292 3193 jure
303 3117 349 3178 sua
382 3120 591 3177 raediatcneret.
626 3119 883 3177 Idcumveteribus
938 3126 1014 3177 novis
1032 3117 1095 3192 pos-

62 3190 212 3255 sessoribus
224 3200 296 3269 juxta
310 3140 452 3254 mollslum
465 3192 540 3265 essi-r,
559 3194 633 3276 quod
647 3199 704 3253 viri
712 3192 794 3252 fortes
812 3198 918 3275 optimo
932 3200 987 3269 jure
1005 3194 1032 3253 st
1049 3216 1096 3253 ar-

67 3274 238 3331 bitrartntur
249 3270 361 3346 habere,
377 3289 438 3353 quae
452 3280 538 3330 armis
547 3272 582 3327 ‹le
595 3268 670 3328 hoste
680 3269 808 3351 cepissent
816 3288 825 3337 ;
845 3292 969 3352 aegrequc
982 3268 1094 3343 ferrent,

10 3388 14 3399 ·
67 3368 230 3422 nonoptroe
247 3351 334 3407 modo
345 3365 461 3421 navatae,
478 3346 525 3405 sed
536 3344 672 3426 sanguinis
684 3351 803 3428 pretium
816 3351 845 3404 in
876 3370 920 3407 acc
940 3353 1029 3429 eripi;
1047 3370 1095 3408 ve-

66 3444 140 3484 teres
152 3446 262 3509 quoque
275 3421 441 3497 possessores,
457 3445 519 3483 cum
532 3425 607 3483 nulla
619 3443 686 3505 pene
698 3424 795 3481 domus
815 3370 879 3481 belll
898 3425 974 3483 clade
989 3423 1098 3491 intasia

68 3502 154 3571 foret,
169 3522 231 3559 urm
243 3504 357 3585 reliquis
369 3501 445 3559 bonis
458 3505 554 3571 etiam,
573 3498 682 3583 siquod
700 3498 828 3587 striptum
840 3499 990 3559 habuerant
1004 3504 1037 3559 de
1053 3506 1095 3573 ju-

67 3578 292 3659 repraediorum,
308 3580 339 3639 irl
358 3578 556 3653 perdiderant:
583 3580 677 3657 itaque
694 3575 846 3643 consilium,
875 3576 959 3659 speeie
979 3579 1094 3661 quidem

66 3654 154 3725 sorte,
164 3652 210 3712 sed
223 3674 323 3717 eveum
334 3655 426 3713 audax
437 3652 655 3713 &temerarium
668 3656 771 3710 ineunt.
806 3654 884 3715 Recte
896 3658 1013 3713 enimin
1021 3656 1104 3713 Con-

67 3733 135 3796 cilio
146 3732 254 3810 jubente
264 3736 327 3819 jura
339 3729 526 3816 possessorum
531 3725 677 3879 tqrolttrr,
702 3726 825 3801 universi
839 3728 953 3801 serrum
966 3730 1134 3868 btinnqqn»⁸

1047 3828 1068 3867 c
1094 3825 1147 3866 mu
