2316 4416
23 39 1025 328 -Ι
988 173 997 190 χι

303 463 433 554 Liber
459 464 679 585 Wgefimtrs.
741 568 745 579 ¹
870 524 873 531 ·
901 481 998 586 615·

23 576 75 635 iad
88 594 196 659 rupem,
213 599 266 673 epu
288 582 391 641 militer
412 582 593 655 ascenderant,
610 603 721 641 ventum
734 583 782 657 esl,
799 602 840 642 res
858 602 917 641 tarn
939 606 986 642 ar-

37 657 136 716 cunliis
150 656 187 713 esl
199 657 268 731 visi,
286 677 315 716 ut
327 660 426 719 milites
435 664 520 719 etiam
531 658 680 719 faterentur
706 664 726 693 “
739 662 783 733 Se,
802 659 820 718 si
835 661 982 739 periculum

23 730 195 806 raevidilse‘nr,
212 734 290 793 nullis
312 738 424 795 conduci
445 740 565 819 premiis
582 702 706 816 potuisse,
725 755 754 795 ut
769 736 829 795 illae
842 741 881 793 ire
893 755 985 793 tenta·

23 810 87 864 ent.”
122 809 253 883 Veracur,
269 831 330 870 cum
353 834 384 871 ar
404 832 510 871 uererur
531 834 547 870 a
569 814 771 883 mercatoribus,
793 832 861 895 quot
881 811 984 869 fretum

24 900 73 942 ttae
85 882 214 964 ingressus
227 886 359 962 bosliliter
383 888 512 969 poliarat,
529 889 621 946 multIr
633 892 662 946 in
684 891 798 948 concilio
819 886 986 947 censentibus

23 978 78 1017 reo
96 958 164 1018 furti
177 963 311 1044 agendum
341 983 432 1023 tamen
446 967 516 1047 apud
537 964 682 1043 Proregem
706 966 791 1023 valuit
815 964 914 1044 Legati
935 984 986 1021 no—

23 1037 135 1111 tinane,
152 1038 226 1121 quod
239 1038 293 1120 ipse
305 1007 358 1099 suis
370 1040 483 1123 flagitiis
500 1040 659 1099 violaverat.
697 1043 794 1120 Igitur,
814 1060 843 1096 ut
862 1040 986 1119 spoliatis

23 1130 49 1168 :o
68 1110 115 1169 sua
129 1114 305 1193 recuperandi
324 1114 419 1174 saltem
432 1115 488 1197 spes
499 1120 653 1189 injiceretur
679 1120 714 1174 ad
735 1120 864 1189 ,cilicium
886 1115 983 1172 serrari

23 1207 48 1245 us
71 1187 118 1259 tsl,
136 1188 165 1248 &
185 1191 221 1247 ad
241 1192 345 1250 Fanum
363 1193 495 1265 Andreae,
512 1214 526 1251 a
550 1194 585 1249 ud
604 1160 751 1272 hospitem,
770 1214 823 1249 oon
836 1194 983 1248 alienuma

23 1260 55 1321 ssa
70 1264 222 1338 rebellium,
240 1266 383 1340 diversari,
403 1272 472 1326 unde
494 1211 569 1326 velut
581 1272 610 1328 vi
622 1288 736 1358 ereptus,
754 1289 846 1344 puucor
860 1268 915 1345 poll
929 1269 986 1323 dier

23 1340 56 1397 od
70 1343 256 1422 querebatur)
276 1342 394 1403 discessu.
431 1344 545 1425 Anglus,
562 1365 689 1425 quamvis
702 1346 807 1417 multi,
832 1344 986 1423 dispicimu-

52 1434 209 1490 remeretur,
225 1437 257 1476 ex
270 1418 408 1503 literisque
419 1428 505 1480 etiam
524 1422 759 1478 commendatitiis
770 1424 882 1498 Jomni,
899 1420 983 1475 Lrslii

24 1435 240 1571 slopiRossrensu
253 1496 289 1552 ad
301 1495 478 1569 Flaminium,
496 1516 554 1553 arce
575 1515 651 1574 copta
672 1500 800 1563 inventis,
816 1514 982 1573 argueretur,

23 1566 142 1645 lngliam
156 1570 190 1627 ad
210 1564 267 1627 sum
287 1572 323 1628 esi
341 1570 471 1631 remissus.
509 1570 569 1629 Poll
580 1576 633 1645 ejus
647 1566 797 1640 discessum,
814 1570 981 1626 intelleclum

23 1662 80 1700 tum
93 1664 109 1701 a
130 1644 310 1705 Norfolcianis
323 1643 480 1707 submissum
490 1644 577 1719 fuisse,
596 1666 624 1705 ut
632 1650 739 1728 Regem
749 1648 888 1703 Scotorum
902 1666 982 1701 venc-

23 1718 131 1776 ’ollercn
168 1722 207 1778 Bo
226 1722 304 1780 allius
322 1726 349 1781 in
361 1724 477 1784 custodia
490 1742 617 1783 retentus.

23 1797 136 1852 [ΧΧΝ.
157 1742 284 1855 stellabat
296 1798 385 1857 adbuc
404 1805 477 1860 inter
487 1802 608 1880 captivus
623 1817 699 1870 unut,
715 1817 797 1877 quem
809 1796 909 1853 Prortx
922 1816 983 1851 mn·-

23 1889 43 1926 rt
56 1870 201 1929 extinctum
214 1874 334 1947 volebat,
352 1876 549 1935 FaniAndrear
558 1870 789 1957 Arcbiepiscopus.
805 1872 896 1929 Hic&
910 1868 984 1950 sirpe-

23 1945 88 2002 ·ibus
101 1951 277 2027 temporibus,
293 1946 341 2006 sub
354 1948 439 2009 fratre
450 1949 498 2009 suo
515 1952 604 2029 Prorep
617 1969 642 2022 e,
660 1967 688 2006 ut
700 1950 787 2006 multa
798 1948 941 2003 crudeliter
954 1947 982 2002 bc

23 2041 49 2077 rc
63 2020 167 2095 fierent,
183 2026 276 2083 auslor
288 2043 357 2096 erat,
375 2028 404 2086 ὅ(
417 2045 504 2086 totarn
517 2026 583 2096 scre,
599 1971 645 2083 sub
655 2029 775 2116 Regina,
791 2024 925 2079 invrclirm
942 2043 984 2076 re·-

23 2096 176 2178 rllagitlose
189 2100 322 2181 gestarum
339 2100 492 2163 susllntbat.
528 2100 661 2160 Timebat
675 2119 759 2158 ettam
772 2100 880 2169 Prorex,
898 2116 941 2166 ne,
962 2095 981 2154 li

23 2177 79 2252 glor
90 2195 167 2235 mora
180 2178 405 2253 interponeretur,
421 2176 580 2257 supplicibus
600 2181 713 2257 Reginae
735 2175 887 2252 Anglorum
899 2174 986 2229 literis

23 2266 141 2305 neretur.
178 2250 214 2306 Et
234 2249 436 2343 Arclriepistopi
456 2255 538 2311 amici
556 2270 589 2308 ne
603 2252 673 2309 bane
686 2252 799 2332 quidem
811 2250 882 2327 spem
896 2248 985 2303 nenb-

24 2342 79 2380 ant.
115 2325 160 2396 Et,
177 2341 352 2406 netemporrs
374 2326 494 2409 angustia
518 2327 587 2387 bunc
608 2344 734 2384 conatum
753 2328 913 2405 impediret,
959 2346 985 2379 r-

23 2395 151 2481 epls'copus
165 2400 340 2460 vehementer
351 2403 511 2484 pullulabat,
527 2423 555 2462 ut
568 2406 697 2479 judicium
717 2404 807 2480 patrio
820 2422 896 2458 more
904 2420 986 2532 perr·

23 2491 96 2534 etur:
115 2477 144 2532 id
167 2476 273 2559 aliquid
295 2477 378 2558 spatii
398 2484 491 2553 etiarn,
531 2480 719 2538 uantulumcuu
743 2498 773 2534 ue
795 2496 864 2548 erat,
887 2476 986 2534 alaru-

23 2574 41 2607 ι.
79 2551 120 2606 Ar
131 2551 186 2609 haec
199 2552 339 2614 srullratio
359 2560 398 2616 ita
418 2554 493 2615 disru
517 2555 593 2626 aesl,
610 2555 683 2637 quod
696 2500 773 2612 nrlllo
794 2573 865 2609 novo
883 2552 984 2624 judicio

23 2626 89 2683 hanc
99 2626 304 2709 Archicpiscopl
314 2632 431 2691 catellam
444 2631 611 2689 audiendam
625 2650 689 2711 opus
709 2628 782 2701 esset,
798 2632 898 2708 quippe
920 2646 986 2708 quae

23 2700 123 2758 ›ublicis
137 2710 216 2777 regni
229 2710 346 2763 comitiis
359 2712 413 2779 jam
427 2708 491 2765 esset
505 2707 661 2780 dijudicata.
697 2708 739 2764 Ita
762 2722 805 2774 ue,
821 2725 883 2759 cum
902 2706 984 2759 cadis

23 2780 65 2856 31ae
79 2777 106 2834 8(
118 2770 240 2862 l‘ro'regir
253 2780 394 2863 superioris
407 2779 545 2841 manifesto
555 2798 699 2853 teneretur,
714 2728 854 2858 suspendio
874 2778 984 2835 Sterlini

29 2874 56 2908 m
70 2851 167 2911 sinivit.

23 2930 121 2985 (XXV.
140 2932 208 2987 Haec
221 2925 277 2986 scre
295 2946 356 2987 tum
370 2950 468 3009 magna
482 2950 516 2987 ex
528 2946 685 3009 perrenota
699 2928 758 2987 sunt
769 2928 890 3009 prolata:
909 2947 985 2997 nam,

23 3024 82 3061 curn
96 3002 153 3063 sere
167 3006 252 3080 diem,
271 3009 359 3080 major
392 3026 434 3064 ars
446 3007 569 3066 latuerat.
605 3005 782 3086 Arcbiepisco
804 3006 913 3063 ursani
927 3004 987 3059 An·

23 3101 54 3152 rr,
72 3087 120 3158 qui
134 3087 257 3162 proxime
270 3024 466 3153 diversabatur,
482 3082 598 3140 libenter
618 3083 771 3141 trucidandi
784 3024 875 3159 liegir
889 3097 987 3159 parter,

36 3155 148 3229 oblatas,
165 3156 195 3215 ὅ(
216 3157 252 3215 ob
276 3176 377 3216 veteres
396 3160 564 3230 inimicitias,
580 3156 608 3215 bt
623 3158 695 3238 spem
710 3163 893 3240 propinquam
907 3160 985 3234 regni

24 3225 99 3289 suam
119 3232 257 3291 familiam
278 3232 469 3306 transferendi,
485 3230 608 3312 suscepit.
645 3234 695 3293 Sex
710 3242 804 3315 igitur,
821 3252 869 3291 aut
881 3230 952 3299 oslo,
969 3252 986 3287 e

24 3304 199 3367 norofiffimis
210 3304 321 3368 suorum
334 3308 436 3381 eleslis,
452 3330 484 3367 ac
504 3310 575 3368 datis
587 3313 718 3379 eisRegii
735 3307 844 3389 hospitii
856 3307 987 3373 clavibot,

23 3384 222 3442 reommendat.
261 3385 317 3458 llll,
332 3406 393 3444 curn
405 3382 511 3443 summo
533 3384 643 3478 ingressi
663 3385 778 3455 silentio,
796 3404 857 3441 tum
869 3382 987 3462 sopitum

24 3463 136 3531 rimunt,
153 3456 298 3541 corpusque
317 3457 437 3519 suffocati
460 3464 488 3517 in
503 3480 659 3541 proximum
672 3479 748 3519 extra
762 3479 851 3517 muros
863 3460 989 3525 hortum,

32 3534 166 3613 portulam
183 3539 277 3611 (cujur
288 3554 353 3594 ante
366 3536 504 3607 memini)
516 3536 644 3596 efferunt:
666 3558 696 3595 ac
708 3555 765 3593 turn
781 3536 902 3603 demum,
920 3535 987 3589 dato

23 3630 59 3680 ro,
76 3611 186 3670 flamma
199 3612 303 3670 aedibus
323 3611 458 3692 supposita
471 3612 517 3670 esl.
555 3614 691 3672 Indicium
705 3630 795 3670 autem
807 3614 862 3684 ejut
875 3610 989 3678 siclerir,

43 3688 181 3768 Joannem
202 3688 416 3762 Hamilconium,
433 3692 581 3770 principem
602 3695 632 3749 in
650 3686 769 3746 facinore
791 3688 932 3765 patrando,
951 3690 989 3740 ita

23 3767 117 3820 mavit.
155 3765 181 3822 Is
193 3767 267 3823 enlm
281 3786 336 3823 non
348 3764 447 3838 solum,
464 3762 531 3823 sasli
548 3763 648 3823 nefarii
666 3766 724 3827 dits,
736 3761 880 3842 nuslcsrp'ne
892 3760 990 3819 obver-

23 3856 46 3894 te
56 3838 226 3912 cons'clentia,
243 3846 330 3900 animi
343 3844 372 3899 in
394 3842 705 3908 uietudlnevexabatut3
723 3837 767 3898 secl
787 3859 880 3915 corpur
891 3843 998 3901 etiam,

23 3928 46 3970 rt
64 3934 142 3973 conta
162 3922 192 3973 io
201 3918 289 3975 animi
304 3863 452 3993 inseblum,
468 3918 657 3992 cruciabatur,
672 3916 794 3975 aeltntn
804 3914 1019 3991 paubut'xenus

23 3935 191 4067 liquescebgat.
231 3990 370 4055 Circums
386 4001 481 4057 icientl
505 4000 597 4073 igitur
619 3996 722 4057 ornn'm
740 3986 989 4054 remedium*
1008 3987 1046 4020 m

23 4078 85 4137 ἴδω»
104 4082 137 4123 *Ιΐ
153 4065 357 4154 ludimagistro
393 4072 545 4149 alletensi,
560 4080 632 4135 viro
641 4074 773 4135 ustum
794 4060 897 4126 “³⁹³³
909 4052 948 4105 Q
964 4038 1069 4148 2&xe

443 4152 568 4219 Fssn
