2316 4416
100 472 180 553 ¹42
402 440 556 533 Rarum
573 444 809 555 Scenitarum

93 560 216 623 sermone
238 558 328 623 adher.
346 560 450 630 AEneia
473 567 583 639 dicitur,
598 570 662 649 (qui
672 564 789 649 Anglite
808 566 954 649 loquuntur
963 560 1125 655 Angullbnn

30 681 38 693 .
95 644 237 699 nominare
249 638 402 699 maluerunt
410 640 443 711 ;)
455 640 540 701 altera
553 644 661 702 Memia
680 640 838 725 appellatur.
873 642 1033 699 Proximam
1044 662 1076 699 re
1096 662 1119 699 r-

95 732 186 787 enem,
204 715 298 775 aTao
310 713 390 801 usque
403 718 439 775 ad
460 716 605 791 fortham,
621 711 731 799 a'ppattt
751 712 889 777 veteribus
907 716 1013 775 didam
1033 713 1078 775 fui

98 790 230 864 Rolllam,
247 790 299 847 hoc
309 792 356 863 tll,
372 791 560 875 peninsulam:
577 797 648 869 cujus
659 796 780 853 nominis
795 791 993 851 inditiaadbuc
1005 794 1118 863 restant,
1136 814 1142 823 ·

97 865 226 923 Culroffia
239 866 381 947 oppidum,
398 870 473 951 quod
484 870 521 927 est
533 868 608 927 velut
622 868 733 929 dorbrm
744 886 792 927 aut
813 866 943 951 polltrior
963 887 1026 947 part
1045 866 1118 927 Ros·

99 938 165 1007 lia;
184 944 211 1001 ὅ(
224 942 372 1017 Kinrollia,
388 946 462 1037 quod
471 944 570 1005 Rollrae
579 964 667 1025 eaput.
702 947 774 1003 tiam
786 966 815 1004 re
835 948 926 1001 ionem
940 962 1007 999 nunc
1019 940 1116 1002 fifam

98 1020 237 1089 tocant,¹a
256 1012 321 1089 lj'ifo
331 1023 393 1077 viro
405 1024 528 1103 egregio,
544 1024 587 1082 tui
598 1040 748 1101 cognomen
758 966 842 1079 Dabo
853 1014 929 1077 lutere
940 1022 1024 1077 aiunt.
1065 1020 1116 1092 Ba·

97 1094 230 1151 rodanum
244 1096 374 1185 oppidum
387 1082 580 1169 inhbiam,
590 1083 647 1167 vel,
661 1100 736 1174 juxta
749 1096 836 1155 aliam
848 1094 1007 1166 dialectum,
1025 1095 1122 1169 Duret-¹

98 1164 206 1241 barum,
225 1190 241 1225 a
259 1190 318 1228 rrro
339 1170 455 1245 llrenuo,
470 1178 515 1231 cui
533 1174 588 1231 Bar
603 1190 663 1231 erat
675 1192 787 1247 nomen,
803 1172 968 1254 appellatum
986 1172 1117 1229 ereditur.

99 1244 249 1317 lotlriana,
264 1250 368 1305 nonita
379 1250 497 1327 pridem,
513 1270 531 1307 a
547 1246 645 1306 Lnrbo
656 1250 733 1329 Rege
751 1246 889 1307 Pidorum
909 1265 1009 1305 nomen
1029 1245 1116 1305 babe-

96 1320 152 1377 bat.
187 1318 417 1401 Cunigamiaroar
438 1324 475 1383 ell
492 1322 597 1405 prorsus
615 1324 731 1397 Danica,
748 1344 832 1406 quam
852 1322 910 1405 poll
931 1320 1115 1381 Kenncthum

98 1394 251 1477 usurpatam
264 1395 341 1457 fuiss‘e
353 1419 415 1457 reor
427 1400 549 1470 aDanir,
565 1403 613 1481 qui
624 1418 687 1457 tam
699 1404 850 1478 regionem,
864 1396 946 1492 pullis
965 1416 1040 1456 extra
1055 1396 1117 1455 val-

99 1471 155 1527 lum
170 1474 261 1529 Severi
272 1474 368 1545 Scotir,
383 1476 491 1557 aliquot
509 1492 591 1533 annot
609 1492 761 1533 tenuerunt.
794 1472 935 1568 Significat
946 1491 1038 1531 autem
1060 1492 1147 1531 ror·

98 1544 309 1609 (carnonam
331 1552 452 1631 Regiam
475 1549 675 1609 habitationem
699 1552 744 1609 vel
768 1549 947 1619 domicilium,
971 1548 1116 1607 Danurum

95 1617 227 1680 sermone.
263 1625 411 1697 Marciam,
427 1626 501 1717 pund
512 1626 592 1685 limes
604 1628 720 1685 duorum
733 1644 878 1717 regnorum
888 1624 936 1683 eliu
947 1616 1040 1695 fuerit,
1056 1628 1117 1683 cri·

98 1698 185 1755 dibile
206 1698 243 1756 tll
265 1700 381 1759 aDanit
400 1720 483 1759 ettam
505 1706 544 1761 ita
564 1704 676 1761 dietam.
712 1702 922 1784 Edtmburgum‚
961 1702 1116 1759 uorundam

99 1773 238 1832 relcralla
252 1780 415 1854 ignorantia,
433 1778 477 1834 vel
523 1777 612 1835 rvtrsa
625 1779 781 1855 diligentia,
798 1718 1043 1861 quinuncaallem
1054 1775 1118 1833 Do·
1146 1836 1149 1841 ,

96 1848 226 1921 lorofim,
242 1848 310 1909 nunc
330 1851 454 1910 Callrum
476 1797 640 1925 lbltllarum,
657 1850 792 1935 appellant
808 1874 871 1911 eam
884 1872 983 1923 amem,
1000 1870 1117 1923 nomen,
1146 1917 1152 1931 ι

98 1945 152 1983 non
165 1928 234 1983 adeo
280 1950 293 1983 r
306 1926 332 1985 se
345 1924 497 1999 obscurum,
515 1950 595 2011 propt
608 1933 723 1988 tenebris
734 1926 876 1987 Immerllt.
904 1929 1026 1986 Nomina
1038 1930 1114 1984 enlm

102 2000 156 2059 bac
179 2022 192 2057 t
216 1948 323 2063 salluis
335 2000 458 2073 Gallicis,
476 2008 546 2061 intra
567 2023 697 2063 trecentos
719 2024 801 2062 annot
822 2006 962 2086 proximos
980 2002 1114 2078 confidit,

95 2073 156 2135 sant
171 2082 296 2135 mutuati.
332 2078 415 2135 Certe
436 2078 519 2159 prisci
540 2079 612 2136 Scoti
634 2082 821 2149 Duneclinum,
838 2082 996 2136 recentiores
1014 2079 1118 2151 lidim-

97 2154 224 2233 burgum,
243 2156 361 2233 patriam
385 2157 415 2211 in
442 2152 574 2237 fingendis
598 2156 753 2215 nominibus
776 2151 996 2212 consuetudinem
1020 2150 1115 2223 secuti,

96 2248 259 2287 tamarcem
272 2232 425 2303 nominant,
436 2251 502 2364 pute
515 2228 624 2303 rcellus,
640 2234 745 2311 opinor,
762 2230 853 2287 media
876 2232 947 2286 inter
966 2246 1114 2319 utrumque

462 2308 557 2365 clinum
580 2308 721 2365 diceretur.
756 2304 893 2364 lladtnut
915 2304 949 2360 dt
970 2323 1113 2383 regionum

97 2324 198 2365 nomen
221 2304 400 2385 appellatione

400 2349 485 2439 bulis:
504 2382 537 2439 dt
549 2381 646 2464 quibus
657 2384 714 2440 alio
725 2380 785 2439 loco
797 2382 874 2461 plura
886 2380 1012 2437 diximus.

97 2378 188 2462 priscis
201 2381 228 2439 dt
242 2384 319 2440 novit
331 2400 398 2441 voca

138 2456 191 2513 ΙΙΙ.
210 2458 253 2513 Ut
273 2457 309 2514 ad
328 2456 503 2517 Kennttbum
520 2476 653 2529 revertar,
669 2477 753 2537 regno
771 2460 828 2530 (uti
844 2452 1009 2536 scriplimur)
1026 2456 1113 2511 armis

96 2528 273 2620 amplificato,
290 2532 318 2589 ἃ
330 2534 435 2612 legibus
445 2531 603 2613 tompofito,
620 2534 647 2588 in
661 2534 738 2590 rebus
752 2531 881 2614 usquead
894 2530 1111 2611 superstitionem

97 2602 199 2663 lerrbus
213 2606 400 2667 nuclea-itatem
414 2612 521 2688 Regum
535 2606 695 2665 confirmate
705 2608 841 2679 laborant,
856 2604 947 2665 saxum
961 2624 1133 2681 marmore-¹

100 2702 147 2737 um
169 2682 256 2761 (quod
279 2704 310 2739 ex
331 2684 460 2763 Hispania
482 2688 511 2739 in
532 2683 694 2741 Hiberniam
716 2680 874 2739 transtulillt
896 2680 997 2737 dicitur
1017 2679 1142 2756 Simon.

99 2757 217 2828 Brtccus,
234 2762 263 2813 in
283 2758 400 2816 Scotiam
422 2755 596 2815 :bibinensem
615 2756 753 2833 fergustus
771 2756 917 2815 Ferchardi
931 2754 1015 2825 filius,
1031 2774 1113 2836 atque

98 2837 127 2889 in
140 2831 301 2908 Arparlrelia
315 2832 465 2903 colloealle)
486 2854 519 2891 ex
541 2832 703 2914 Argarbelia
721 2836 834 2891 Sconam
848 2835 883 2891 acl
895 2830 988 2887 Taum
1001 2850 1112 2909 amnem
1144 2880 1149 2888 .

96 2904 256 2965 transsatum
276 2908 447 2979 Kenncthut,
463 2908 492 2966 dt
515 2912 543 2965 in
564 2908 722 2968 cathedram
745 2910 862 2991 ligneam
888 2904 1029 2975 inclusum,
1048 2907 1112 2977 [ibi]
1130 2970 1142 2989 ι

99 2980 196 3063 posuit.
235 2985 273 3041 lia
295 2989 323 3043 in
343 2984 404 3045 sede
417 2989 505 3065 Reges
524 2985 664 3043 Scotorum
677 2986 705 3043 de
723 3005 823 3042 nomen
834 2982 862 3041 de
875 2986 983 3045 Rectum
997 2978 1113 3061 inlignia

97 3061 214 3134 accipere
235 3057 366 3133 fidebant,
383 3058 464 3142 usquc
484 3060 519 3119 ad
540 3061 699 3119 Eduardum
721 3062 844 3118 Primum
856 3059 990 3131 Analum,
1009 3058 1044 3113 dc
1058 3078 1111 3140 qun

35 3187 42 3198 ,
97 3131 146 3190 suo
159 3133 216 3188 loco
229 3136 356 3193 dicemur.
392 3137 489 3193 Stdcm
503 3136 597 3215 Episeo
622 3138 697 3209 ilem,
710 3156 793 3217 quam
804 3120 1046 3193 Pidlirllartntthii
1059 3132 1117 3191 col-

26 3213 33 3227 “
97 3208 227 3275 locarant,
244 3210 278 3265 ad
300 3212 403 3268 Fanum
416 3158 674 3291 Rtgtditrandltlit,
690 3213 763 3293 quod
813 3211 914 3269 llcritas
928 3213 1033 3267 Fanum
1053 3208 1114 3265 An·
1145 3219 1151 3231 ·

99 3284 173 3342 clreae
188 3284 240 3340 dici
254 3286 360 3344 maluit.
396 3288 533 3344 Scotorum
547 3293 637 3346 auttr'n
650 3306 750 3345 veteres
763 3233 896 3367 sspllscopi,
913 3306 929 3343 e
943 3284 1116 3342 monalltrirt
1147 3326 1154 3339 .

97 3358 187 3430 ele-ni,
203 3380 263 3417 cum
281 3361 369 3421 adbuc
381 3382 435 3419 non
447 3362 558 3421 honoris
576 3364 604 3422 dt
625 3364 687 3433 loti,
704 3362 749 3421 scd
767 3360 916 3421 hallicarn
935 3360 964 3418 dt
976 3359 1113 3419 dodrinae

97 3454 232 3492 certamen
244 3440 313 3495 inter
324 3459 369 3495 cos
381 3436 454 3505 ellet,
473 3435 527 3495 fine
536 3441 639 3499 invidia
649 3440 677 3497 dt
690 3438 863 3495 arnulatione
874 3434 975 3520 pallini,
994 3436 1041 3491 ubi
1054 3441 1114 3493 cui-

27 3529 43 3554 t·
99 3532 152 3589 qut
164 3510 312 3570 obvenerat
323 3511 433 3585 occasio,
449 3511 524 3570 suum
535 3536 629 3573 munus
641 3514 765 3585 obibant,
783 3514 864 3571 nullis
884 3512 971 3571 adbuc
992 3516 1115 3587 regioni-

99 3586 146 3645 bus
160 3586 291 3659 definitir,
305 3611 366 3646 cum
380 3590 501 3647 nondum
520 3586 621 3649 fundlio
644 3594 763 3647 muneris
774 3588 946 3648 Ecclel'rallici
959 3584 1023 3645 ellit
1034 3610 1115 3670 qua·-
1137 3642 1143 3651 ,

94 3666 202 3735 ¹dantia.
240 3664 292 3719 Hit
315 3665 417 3723 artibus
440 3666 601 3723 Kennttbne
623 3668 739 3746 imperio
762 3669 862 3745 viginti
884 3685 966 3722 annos
1012 3662 1115 3723 raeluit.
1151 3729 1154 3736 ¹

98 3734 209 3815 anto
221 3742 328 3797 incunte
338 3746 416 3811 renni
428 3738 467 3797 sui
480 3761 549 3798 anno
560 3741 647 3799 pinos
659 3741 830 3821 profligavit,
847 3758 876 3797 ut
887 3742 924 3797 cll
937 3746 963 3797 in
978 3686 1051 3797 libro
1063 3744 1116 3797 Pa·

278 3816 391 3877 llctcnli.
427 3816 557 3900 Reliquos
570 3818 644 3875 XVI.
662 3838 755 3887 annos,
771 3818 826 3897 poll
846 3816 979 3875 lublatum
1002 3819 1116 3896 imperi·
1143 3818 1149 3831 '

115 3884 227 3943 DCCC·
275 3913 322 3949 utn
336 3894 482 3961 l'idlorunr,
499 3892 658 3973 qtrittilllmt
671 3896 752 3960 vixit,
769 3892 967 3961 clamitantur,
984 3890 1053 3947 furit
1068 3914 1111 3949 ar·
1135 3935 1143 3956 ,.

136 3960 213 4019 LIV.
274 3974 327 4023 mir
340 3988 402 4046 pace
416 3984 501 4045 parta,
518 3990 548 4025 ac
562 3974 693 4047 promotis
707 3967 802 4024 linibus
818 3968 852 4024 ab
863 3968 1002 4026 Orcaelunt
1017 3966 1115 4041 insulis¹

273 4038 354 4130 ulline
366 4044 402 4105 acl
416 4042 516 4104 vallum
530 4046 678 4119 Hadriani,
696 4042 808 4105 DCCC.
822 4044 898 4105 LIV·
1012 4116 1118 4180 [ΧΧᾸ
