2316 4416
367 418 497 510 Liber
523 416 768 509 Undecimus.
1010 446 1091 530 309

62 546 88 584 ‘⁸
100 548 191 607 vatim
209 541 302 628 quoad
350 543 400 604 liet
410 544 600 627 profuturam:
618 564 784 629 omnemque
795 560 907 626 operam
919 544 949 603 iu
961 544 1089 602 eocollo-

63 627 89 658 ⁴‘
101 640 236 696 caturam,
251 641 283 680 ut
293 562 364 679 siffis
375 625 404 679 in
415 620 489 704 spem
503 625 580 703 regni
592 624 632 680 ita
643 619 751 681 bonelle
764 642 795 680 ac
807 625 850 700 pie
862 621 1028 693 educaretur,
1046 619 1089 678 uti

63 703 87 732 “
102 697 319 780 malisquotidie
337 693 508 777 glisttntibus
525 700 680 757 remedium
697 698 736 757 ali
759 697 849 755 uanrlo
866 693 952 779 poll'tt
970 694 1086 759 afferre:

64 778 87 809 “
101 792 165 831 eam
182 778 360 844 curationem,
379 770 430 833 libi
450 796 467 833 a
485 792 580 832 natura
593 775 700 847 datam,
718 778 834 832 minime
845 767 1012 829 invidiosum
1030 775 1086 829 cui·

62 854 87 884 “
124 870 186 907 uam
200 850 290 908 videri
309 850 425 908 debere:
441 866 549 909 caeterar
561 850 805 909 administrationis
824 847 936 930 publleae
952 863 1041 927 parter
1054 867 1086 904 u-

10 940 12 949 ·
62 929 86 961 “
100 870 250 1005 surperent,
267 931 318 1008 qui
329 943 407 983 tanto
423 922 538 984 seoneri
556 926 743 985 existimarent
760 945 814 984 non
827 930 944 1006 impares
957 946 965 997 ;
983 921 1082 982 sedita

62 1004 85 1035 “
100 995 265 1080 ufirrpnrenr,
283 1001 472 1079 utaliquando
487 1003 561 1081 Regi
579 1003 674 1061 adulto
685 1006 819 1062 rationem
832 999 860 1058 se
870 1001 1024 1057 reddituros
1035 1018 1083 1056 co-

63 1080 85 1113 “
99 1077 213 1157 gitent.”
249 1077 295 1135 Ad
308 1077 367 1136 haee
381 1098 442 1136 cum
455 1084 494 1137 ita
506 1078 613 1137 vultum
625 1075 822 1173 composuisset,
838 1094 868 1134 ut
879 1070 958 1135 facile
969 1073 1087 1133 Cancel-

65 1154 140 1211 lario
152 1149 244 1210 fineeri
255 1157 343 1211 animi
362 1151 446 1223 fidem
459 1154 569 1229 faceret,
585 1173 674 1238 neque
685 1174 715 1214 ru
726 1159 858 1214 comitatu
870 1155 924 1210 e'us
937 1152 997 1235 quic
1019 1171 1083 1210 nam

65 1225 145 1300 elset,
155 1228 228 1287 unde
237 1232 278 1289 vis
287 1247 336 1288 aut
346 1224 418 1287 fraus
431 1234 525 1289 timeri
533 1229 653 1305 deberet,
661 1231 818 1313 potestatem
832 1232 858 1288 ei
913 1230 934 1285 't
945 1245 974 1284 ut
986 1172 1086 1299 filium,

13 1310 22 1325 '
64 1308 175 1387 quoties
186 1303 278 1380 vellet,
295 1304 350 1363 line
361 1306 472 1367 arbitris
491 1310 657 1381 conveniret,
675 1309 704 1367 dt
715 1310 744 1365 ln
753 1327 814 1367 arce
827 1305 966 1364 interdum
979 1324 1039 1364 eum
1051 1322 1086 1361 en

63 1378 244 1462 pernoelarer.

105 1457 156 1516 tv.
173 1455 389 1515 lnterea'mulier
399 1456 508 1530 callida,
525 1454 637 1517 serendo
650 1457 808 1542 plerumque
820 1454 965 1529 sermones,
983 1455 1017 1512 de
1028 1452 1084 1511 tol-

63 1528 148 1590 lenda
169 1534 242 1590 inter
258 1550 345 1611 parret
359 1531 508 1606 discordia,
546 1531 657 1593 uosdarn
671 1538 756 1592 etiam
776 1530 943 1592 diversarum
964 1534 1084 1609 partium

64 1609 95 1664 in
117 1606 285 1690 colloquium
304 1610 451 1681 evocando,
467 1630 501 1668 eo
518 1554 718 1669 ilmiliuritatir
729 1610 870 1669 hominem
883 1606 981 1677 illexit,
1000 1625 1029 1663 ut
1046 1607 1081 1661 de

62 1681 144 1741 rebus
154 1704 236 1765 prope
247 1684 371 1742 omnibus
382 1682 494 1747 oonlllia
504 1707 566 1745 cum
578 1706 609 1745 ea
623 1682 766 1744 conferret.
802 1683 974 1743 Cancellario
986 1686 1024 1738 ita
1035 1681 1082 1738 de-

63 1758 161 1829 lenito,
177 1781 259 1841 puero
276 1756 355 1819 facile
367 1758 530 1843 ptrsmdet3
547 1764 568 1795 “
583 1763 626 1819 Ur
643 1782 675 1820 err
690 1761 742 1821 hoc
752 1780 856 1821 earcere
872 1755 927 1817 sese
946 1755 1083 1815 libertatis

61 1837 83 1869 “
96 1833 238 1894 auetorem
257 1832 427 1920 sequeretur:
445 1835 608 1932 hominique
626 1838 741 1909 nefario,
757 1840 807 1921 qui
816 1834 955 1894 sceleribus
964 1829 1015 1890 suit
1024 1835 1083 1903 lle·>

60 1912 81 1945 “
116 1913 174 1968 ium
186 1931 285 1970 nomen
298 1913 487 1992 pretenderet,
503 1934 650 1995 omniaque
661 1918 737 1996 regni
750 1916 843 1971 munia
853 1908 916 1969 inse
928 1928 1011 1966 unum
1023 1924 1082 1965 tra-

59 1989 81 2020 “
96 1931 184 2059 seret,
199 1988 377 2067 &,'neglesla
394 1987 478 2047 silure
491 1988 606 2068 publica,
623 2012 681 2048 rem
699 1984 834 2073 privitam
846 2002 966 2069 augeret,
982 1980 1009 2041 se
1026 1986 1079 2041 eri-

60 2064 83 2097 “
97 2079 179 2143 peret.
218 2065 251 2121 ld
260 2082 291 2120 ut
303 2060 414 2136 faceret,
430 2068 524 2122 animo
535 2082 642 2125 tantum
652 2087 706 2124 noo
716 2063 877 2123 abhorrente
889 2083 904 2120 a
914 2061 996 2118 reblir
1007 2062 1080 2115 ami·

59 2141 80 2171 “
94 2158 187 2196 corum
199 2138 317 2197 confiliis
329 2144 356 2196 ei
368 2159 433 2220 opus
445 2137 514 2198 else:
530 2157 627 2201 autera
636 2162 707 2202 curae
718 2140 798 2221 ipsius
808 2140 981 2221 relinqueret.
1017 2134 1078 2191 Hu-

58 2217 102 2291 jus
110 2217 216 2294 generis
225 2217 393 2283 orationibus
404 2212 485 2274 facile
495 2235 582 2287 mater
592 2215 691 2291 filium,
708 2216 843 2276 &callida
854 2212 953 2272 mulier
962 2227 1085 2292 puerum,

58 2293 208 2361 incautum,
226 2290 360 2373 propollra
372 2292 482 2351 liberius
500 2294 611 2351 vivendi
623 2291 677 2375 spe,
695 2294 732 2351 ita
745 2289 857 2351 insuam
875 2291 960 2347 traxit
972 2283 1078 2345 senten·

59 2366 144 2436 tiam,
160 2368 230 2424 utin
243 2371 299 2439 tius
314 2368 443 2449 potestate
458 2372 520 2427 Rex
529 2368 648 2429 futurum
659 2369 686 2428 se
697 2369 806 2429 diceret.
842 2364 979 2427 omullus
992 2364 1082 2445 igitur¹

59 2440 98 2499 ad
116 2439 211 2519 sugam
230 2440 293 2505 satit
312 2448 423 2525 paratis,
439 2446 639 2505 cancellarium
652 2446 723 2505 arlit:
752 2446 815 2503 “Se
836 2442 989 2523 obligatam
1010 2454 1078 2495 voto

57 2519 80 2550 “
94 2536 143 2596 pro
154 2516 239 2575 salute
251 2516 302 2578 filii
318 2519 443 2602 suscepto,
461 2528 489 2581 in
502 2526 613 2583 areeait
658 2518 860 2583 moliaturam:
877 2518 984 2576 summo
996 2532 1078 2572 mane

57 2595 80 2625 “
92 2592 129 2649 ad
140 2592 242 2651 Album
254 2591 348 2655 fanum
362 2598 407 2670 (id
421 2599 479 2657 loco
493 2618 620 2659 nomene
642 2602 656 2669 )
673 2592 874 2679 prostlluram:
893 2597 994 2650 interea
1008 2591 1075 2647 dum

57 2670 78 2702 “
93 2669 208 2739 rediret,
225 2668 277 2739 filii
297 2671 411 2730 illutem
432 2679 458 2731 ei
480 2672 507 2732 se
528 2673 746 2734 commenrlare.”
780 2672 832 2730 Ille
852 2669 955 2726 nullom
975 2660 1077 2724 subesse

57 2744 152 2801 verbis
163 2741 288 2805 fraudem
308 2766 392 2820 ratur,
409 2744 515 2807 felicem
527 2768 646 2833 precatus
661 2752 691 2810 ἃ
700 2744 893 2828 professionem
906 2744 935 2801 δι
947 2743 1076 2811 reditum,

57 2838 121 2877 earn
134 2820 261 2879 dimittit.
298 2824 387 2900 Igitur
398 2828 452 2897 (uti
464 2843 527 2882 anre
546 2827 721 2898 convenerat)
734 2828 762 2880 in
775 2822 873 2892 arcula,
891 2825 919 2879 in
951 2839 984 2875 ua
997 2814 1074 2874 solitu

58 2913 120 2954 erat
133 2897 265 2955 mundum
278 2898 440 2957 muliebrem
454 2902 605 2975 recondere,
613 2924 646 2961 err
658 2923 717 2960 aree
731 2921 778 2981 per
789 2897 922 2958 minillrot
932 2840 1003 2954 belot
1012 2897 1073 2949 Rex

59 2970 188 3053 pollridie
201 2990 363 3055 exportatur,
382 2973 501 3033 lethum
514 2978 550 3035 ad
564 3000 641 3036 mart
653 2973 783 3036 defertur.
819 2976 927 3054 Regina
938 2992 998 3031 cum
1011 2989 1079 3051 prus

58 3051 108 3116 eir,
125 3067 231 3127 quotes
244 3053 333 3107 minus
354 3048 418 3109 ell'et
437 3052 486 3109 sus
512 3053 565 3125 ela,
582 3050 756 3133 subsequitur.
793 3055 898 3109 Omnes
910 3054 938 3107 in
951 3064 1073 3129 paratam

57 3124 95 3181 ad
109 3140 216 3201 portium
230 3126 382 3185 naviculam
396 3130 472 3207 ingre
506 3126 646 3200 ,secundo
668 3130 732 3187 rellu
751 3126 898 3184 Sterlinum
952 3141 1026 3181 runt:
1045 3139 1077 3177 ac

57 3199 125 3255 dum
145 3200 229 3281 Regii
241 3202 358 3260 minillri
372 3201 525 3285 exspeslant
536 3208 562 3262 in
575 3208 691 3264 multum
707 3207 791 3274 diem,
810 3204 894 3260 donec
911 3145 971 3259 sex
983 3215 1078 3327 exper-

56 3272 185 3353 gistetur,
201 3294 348 3359 antequam
367 3277 441 3339 staur
460 3281 565 3340 deteila
583 3280 657 3354 esset,
675 3283 728 3354 jum
742 3284 818 3337 urvis
837 3297 914 3337 extra
945 3277 1014 3333 trieu
1026 3290 1073 3327 um

57 3347 189 3422 evaserat,
206 3372 341 3438 ventoque
353 3357 423 3413 arleo
434 3356 548 3415 secundo
561 3354 606 3415 usa
619 3358 666 3427 eil,
680 3375 709 3413 ut
722 3356 767 3415 sub
781 3351 919 3432 vesperum
926 3300 1075 3411 lecelinum

56 3424 211 3505 appelleret.
249 3429 291 3488 lbi
310 3433 425 3501 Renera
446 3435 574 3515 Prorege‚
591 3437 724 3569 omnique
736 3430 885 3513 promiscua
899 3425 1072 3487 multitudine

56 3500 222 3581 populariter
232 3496 324 3578 effirtl,
341 3505 447 3566 summo
467 3530 530 3567 cum
552 3511 654 3589 gaudio
685 3506 816 3591 nullisque
835 3498 1075 3566 acclamationibus

55 3582 240 3654 excipiuntur:
259 3584 376 3661 Reginae
395 3585 464 3642 allus
477 3590 602 3643 omnium
618 3584 740 3645 sermone
751 3585 919 3643 celebratur:
936 3576 1077 3637 Cancelli-

53 3657 92 3713 rii
107 3655 255 3713 inveterata
267 3659 416 3737 prudentiae
428 3682 445 3717 o
464 3665 522 3718 iulo
532 3660 635 3721 infimis
646 3672 730 3722 etiarn
744 3661 863 3720 ludibrio
875 3656 997 3715 habetur.
1007 3654 1075 3710 Huc

54 3749 98 3789 5⁰⁵
110 3728 220 3787 biduum
232 3734 278 3801 (ut
289 3730 369 3805 solu)
381 3736 456 3819 vulgi
468 3741 653 3798 immoderata
665 3738 763 3798 letitia
774 3742 872 3817 jalluta
885 3734 931 3807 eil,
948 3749 1032 3815 atque
1045 3731 1074 3785 ln

53 3808 180 3865 omnium
193 3808 366 3869 oreverfite.
657 3842 660 3847 ·

95 3882 131 3939 V.
149 3880 248 3942 'sertio
261 3888 317 3959 die,
334 3891 383 3972 qui
401 3886 554 3947 Alexandri
575 3887 688 3949 sallioni
709 3886 738 3946 se
760 3886 934 3957 dediderant,
950 3882 1075 3963 plerique

51 3959 140 4015 etiam
158 3954 214 4039 spes
228 3978 322 4035 novar,
340 3964 463 4022 nonnulli
472 3969 554 4045 Regii
567 3970 688 4025 nominis
698 3964 888 4023 auiloritatem
902 3957 994 4030 secuti,
1008 3976 1077 4016 eon·

51 4052 169 4095 venere:
187 4036 286 4121 quibui
297 4043 339 4099 rei
351 4043 392 4100 uti
403 4039 476 4122 gella
496 4060 557 4103 erat
576 4043 674 4105 ordine
693 4038 966 4128 expolitumque
974 4038 1113 4163 utimum
