2316 4416
102 482 178 563 302
403 452 555 541 Rettrm
580 452 816 555 Scotitarttm

93 574 226 659 querendi
237 568 366 641 caussam,
392 594 478 653 quarn
490 576 637 631 eriminum
652 572 749 645 juliam
767 573 995 653 exptrgatlonen
1014 588 1122 657 qumi

95 660 172 724 bant,
189 649 373 709 vehementius
395 651 431 707 ad
450 648 675 707 maledicendum
687 651 822 705 excitavit.
1021 689 1026 699 .

137 730 172 785 l..
190 730 250 785 Hoc
259 726 328 781 llatu
343 744 434 783 rerum
448 726 476 783 in
488 726 589 797 Scotia,
606 725 734 803 legatioe
747 720 840 780 Gallia
858 720 983 795 advenit,
1021 742 1064 784 oa
1075 744 1121 809 pe.

95 806 183 873 rebat,
200 821 229 859 ut
242 803 395 879 Margarita
407 800 503 881 jacobi
515 799 584 872 iilia,
595 800 738 858 Ludovieo
749 798 847 856 Caroli
857 796 967 880 septimi
980 744 1042 859 filio
1053 808 1119 877 jam·

97 884 201 939 dndtun
215 872 353 956 desponsa,
370 877 405 933 ad
419 873 543 955 sponsum
556 881 722 934 mitteretur.
757 876 798 933 Ea
815 874 899 931 aliarn
912 876 1071 952 Angloruttt
1083 880 1120 935 Ιε-Ι

97 961 236 1027 nationem
250 952 360 1009 excivit.
395 952 482 1031 Angli
495 954 582 1025 enim,
597 953 753 1011 abalienato
765 950 800 1009 ab
811 970 906 1008 torum
917 955 1042 1013 amicitia
1056 954 1121 1011 llut-

96 1022 200 1107 lgundo,
229 1029 258 1087 dt
280 1024 461 1085 desediionttn
481 1028 612 1087 moliente
641 1029 764 1099 Lutetia,
792 1024 950 1109 caterisque
975 1034 1121 1107 provirteiis

96 1096 284 1165 {transmarinis
305 1102 542 1175 tumultuantibus,
562 1124 608 1177 ne,
633 1103 735 1165 cunblir
749 1106 827 1183 regni
839 1103 946 1163 vitibut
965 1108 996 1161 in
1016 1106 1119 1165 bellum

96 1188 256 1243 l‘rancicum
270 1180 414 1251 inclinatis,
440 1180 513 1239 Scoti
525 1180 560 1239 ab
572 1180 684 1239 adversa
706 1197 784 1262 parte
799 1198 846 1237 tot
865 1180 1065 1249 adorirentur3
1091 1180 1121 1239 it

98 1260 208 1323 inierit
218 1278 279 1315 cum
299 1254 387 1315 Gallis
403 1260 617 1328 renovationem,
634 1256 663 1315 δι
675 1257 782 1339 nuptias
800 1256 933 1336 impedite
944 1258 1125 1317 nitebantura

98 1358 181 1417 atque
191 1337 227 1393 ad
239 1332 327 1393 tirius
336 1352 494 1413 perpetuum
506 1355 566 1391 earm
579 1330 651 1414 i'plis,
668 1340 716 1414 qui
727 1336 757 1390 in
763 1333 866 1390 eadem
875 1328 962 1391 insula
975 1328 1126 1409 nitri-ejus-t

97 1414 161 1483 dem
177 1414 275 1489 linguat
320 1414 425 1491 rticiper
444 1406 539 1481 essent,
554 1406 709 1470 feriendum
721 1406 947 1467 adhortabantur.
969 1412 991 1443 ‘⁴
1004 1410 1037 1469 ld
1050 1405 1127 1469 sisa-

97 1495 116 1523 “
129 1508 229 1558 cerunt,
246 1483 271 1544 sc
285 1506 352 1568 eque
364 1491 495 1557 iurarent,
519 1483 630 1543 eosdem
644 1506 711 1565 quor
722 1484 810 1565 Angli
822 1486 924 1543 amicos
943 1486 1121 1569 inimicosque

97 1571 116 1599 “
132 1566 282 1634 babituros,
300 1561 505 1643 pollicebantur,
520 1559 597 1619 suum
609 1566 717 1641 Regem
729 1563 851 1633 Btrvico,
868 1561 962 1619 Rotbu
996 1582 1024 1637 o,
1040 1580 1124 1623 cnte-

96 1646 118 1677 “
132 1640 223 1733 risque
237 1640 363 1697 omnibus
375 1638 440 1697 locis
452 1637 481 1695 &
493 1641 578 1717 agris,
589 1636 593 1645 '
604 1644 652 1721 qui
669 1642 736 1713 juris
753 1635 917 1697 controversi
940 1582 1127 1710 bibebatur,-

96 1720 269 1779 “cellotium
305 1716 397 1775 δωως
410 1734 471 1773 earn
483 1717 646 1794 petitionem
658 1736 721 1772 eum
733 1716 770 1771 acl
783 1734 875 1773 omnes
888 1718 1014 1773 omniturt
1033 1716 1124 1775 Ordi-

99 1816 176 1863 num,
192 1799 242 1876 qui
256 1790 350 1849 l’ertbi
362 1808 439 1849 erant
449 1794 618 1871 congregati,
634 1788 777 1863 retulisset,
795 1791 864 1925 poll
876 1790 988 1873 longam
998 1794 1081 1851 cade
1090 1806 1123 1851 'rt

99 1868 335 1950 disceptationem,
349 1869 458 1925 Ordine
471 1866 653 1927 Eccleliallico
669 1873 700 1929 in
718 1870 786 1925 duat
830 1866 932 1925 &iones
947 1866 1050 1941 diviso,
1067 1866 1126 1926 suc-

99 1950 247 2003 clamatum
260 1946 297 2001 eil
310 1966 326 2005 a
340 1943 493 2005 Nobilitate
505 1961 514 2010 ;
532 1946 552 1978 “
562 1942 730 2002 Stsraudtm
744 1942 897 2024 Anglorum
908 1941 1122 2027 agnoscerem!

99 2032 117 2054 ¹⁸
129 2040 204 2078 'novo
219 2024 268 2076 illo
279 2018 383 2077 ferdere
395 2028 587 2079 vetertm'cttm
602 2018 689 2079 Gallis
701 2023 858 2077 amicitiam
873 2016 976 2078 sttlvcre
984 2038 1123 2091 conentur,

99 2108 118 2131 ‘⁸
134 2120 161 2154 ut
183 2100 273 2154 Scotos
286 2101 406 2175 antiquis
417 2100 514 2153 amicir
525 2094 662 2177 spoliator,
695 2096 744 2153 libi
764 2094 869 2153 facilius
881 2095 1013 2155 obnoxios
1025 2098 1123 2155 redde-

99 2180 117 2208 “
136 2194 204 2241 tant,
222 2175 286 2231 dnm
302 2172 363 2228 aliis
375 2176 442 2229 curir
455 2172 545 2243 liberi,
563 2178 591 2231 in
607 2174 635 2229 id
651 2173 752 2229 bellum
765 2178 830 2229 totis
848 2172 950 2229 viribus
969 2173 1121 2231 incumbere

100 2260 117 2283 ‘¹
135 2250 253 2330 pollent:
286 2269 319 2305 eo
341 2246 457 2326 l'pellare
476 2268 533 2307 tarn
547 2250 692 2328 benignam
706 2249 860 2326 Anglorum
881 2249 1122 2326 pollicitationem:

101 2326 125 2385 l'e
138 2349 202 2383 ven)
215 2330 327 2405 antiquo
338 2320 438 2382 scederi
450 2324 573 2396 staturos,
589 2347 637 2383 nec
651 2347 667 2381 a
682 2323 734 2381 fide
755 2324 838 2382 semel
856 2323 986 2403 promissa
1000 2324 1124 2384 discessu-

99 2408 118 2436 ‘·'
134 2423 186 2459 ror.
226 2405 282 2458 blac
297 2416 371 2481 parte
390 2402 486 2479 repulsi
501 2403 597 2474 Annii,
626 2423 642 2459 a
667 2400 788 2479 precibur
808 2402 844 2457 ad
858 2405 944 2458 minas
964 2401 1127 2460 transeunt:-

100 2482 129 2536 ἃ
141 2481 291 2535 amicitiam
310 2478 480 2534 renuentibus
495 2476 596 2535 bellum
610 2479 791 2535 denunciant:
818 2480 837 2511 “
853 2480 1008 2562 Filirmqtte
1027 2478 1047 2536 ii
1065 2482 1129 2536 Rtt'

99 2560 118 2589 “
133 2550 245 2613 inimico
257 2554 412 2623 Annlurum
426 2551 584 2633 desponsam
598 2559 627 2610 in
639 2552 761 2611 Galliam
786 2551 992 2628 transmitteret,
1015 2552 1129 2625 sciret,

100 2637 119 2664 “
135 2632 225 2711 quoad
249 2630 362 2710 possent,
391 2634 579 2709 impedituros,
611 2630 741 2710 illamque
754 2628 781 2687 dr
793 2632 908 2687 comiter
921 2635 977 2705 ejus
999 2636 1029 2689 in
1048 2632 1124 2689 suant

100 2714 120 2741 “
135 2708 291 2809 potestatem
307 2704 463 2764 redalluror
483 2732 490 2767 :
507 2705 616 2765 classem
630 2711 705 2763 enim
719 2711 774 2781 jam
793 2702 868 2762 stad
883 2708 912 2763 iel
931 2728 1058 2788 paratam
1075 2708 1129 2767 lta-‘

100 2792 119 2818 ‘⁸
137 2806 209 2842 nere.

143 2863 193 2917 LI.
210 2859 276 2915 llrc
288 2858 441 2935 legatorum
454 2862 634 2916 comminatio
647 2858 716 2915 adro
736 2862 840 2927 Renetn
862 2876 916 2915 non
932 2859 1078 2930 decertarit,
1096 2875 1125 2915 ur

101 2956 197 2995 ornata
208 2932 297 3005 dalle,
315 2953 468 3015 magnoque
479 2941 612 2993 comitatu
625 2936 759 2992 nobilium
771 2924 893 2991 birotum
906 2956 935 2992 ae
945 2935 1123 2995 fta-minarum

103 3011 242 3092 impolito,
258 3013 367 3077 celerius
377 3032 459 3089 qnam
472 3013 645 3071 constituerat
663 3011 751 3067 filiam
765 3007 1001 3089 solvereeogeret,
1018 3030 1051 3068 ut
1070 3012 1125 3067 iln-

103 3091 145 3152 ‹Jli
158 3088 266 3144 cotililia
286 3092 454 3169 praeveniret.
490 3090 516 3143 V
518 3110 592 3145 crum
607 3109 661 3166 quo
678 3090 765 3143 minus
778 3090 806 3141 in
820 3108 931 3144 manum
946 3087 1065 3145 bollittrn
1080 3091 1131 3145 de-

104 3155 238 3234 ¹uenirent,
255 3168 343 3243 magis
356 3168 467 3220 numine
480 3166 688 3245 propitioqualn
702 3162 819 3219 bumana
833 3165 1004 3244 providentia
1015 3158 1126 3221 'sallum

104 3245 197 3301 videri
209 3240 301 3320 potest.
339 3243 424 3311 Nan,
442 3262 502 3297 curn
516 3262 570 3298 non
584 3241 664 3311 lonae
676 3240 711 3302 ab
723 3240 829 3297 cnloco
841 3238 970 3313 abessent,
987 3239 1035 3298 ubi
1048 3243 1076 3297 in
1088 3244 1129 3298 in-

105 3318 183 3379 sidiis
195 3318 318 3373 collocati
331 3316 418 3391 Angli
429 3316 569 3376 Scotorum
587 3308 735 3374 adrentum
748 3316 978 3395 proeilolabantur,
1009 3336 1070 3375 ecce
1087 3338 1129 3373 rt-

106 3416 185 3477 pcnte
197 3393 278 3450 classis
298 3392 404 3470 belgica
419 3399 553 3472 apparuit,
574 3416 636 3476 qnae
651 3398 744 3449 vinum
767 3394 908 3472 eRupclla
924 3396 952 3449 in
967 3394 1127 3451 Flandriatn

104 3472 242 3553 portabit.
279 3473 311 3527 ln
330 3489 392 3525 eam
410 3470 677 3549 (quodBttroundur,
695 3490 748 3525 non
767 3471 838 3527 adeo
851 3470 957 3547 pridem
979 3468 1066 3529 Gallo
1087 3490 1129 3525 te-

107 3549 274 3613 concilirtnr,
299 3544 385 3603 hollos
402 3550 456 3615 ejus
474 3550 539 3603 totis
556 3548 661 3605 viribus
682 3546 868 3627 oppugnabat)
900 3566 1003 3623 magno
1027 3550 1129 3626 impetu

108 3625 195 3701 Angli
205 3621 326 3679 {criuntur
338 3648 345 3681 :
375 3642 405 3679 ac
414 3622 493 3679 brevi
503 3643 583 3680 natet
595 3625 728 3703 expedito
738 3625 877 3681 onerarint
889 3620 1084 3705 assequuntur3
1101 3622 1129 3679 δί

108 3721 192 3780 prope
205 3700 278 3755 nullo
291 3701 401 3776 negotio
413 3703 515 3757 armati
528 3703 642 3756 inermes
658 3705 784 3793 capiunt:
815 3718 921 3765 vetum,
940 3718 1088 3781 antequam
1101 3701 1129 3755 in

109 3796 219 3855 portum
233 3794 321 3853 captat
339 3774 532 3853 pertraherent,
550 3775 664 3857 Hispani
686 3774 886 3859 incompositos¹
898 3776 989 3833 adorti
1006 3777 1129 3854 praedam

111 3851 247 3923 auserunt,
264 3852 293 3911 ὅ(
311 3852 458 3911 incolumes
472 3853 603 3910 Flamlror
621 3855 773 3909 dimittunt.
812 3856 844 3909 ln
859 3852 908 3907 bac
922 3869 980 3909 tam
993 3854 1131 3911 varinni-

113 3948 163 3982 nm
174 3926 446 3999 nationum'fortnna,
463 3930 547 3993 Senti,
563 3930 636 3986 holle
648 3951 701 3986 nnn
714 3926 863 4007 conspe6l0,
881 3928 1026 4005 Rupellarn
1047 3952 1062 3985 a
1082 3928 1134 4007 pli·

112 4020 183 4065 cant,
220 4006 261 4062 [o
272 4002 351 4066 millii
363 4006 474 4065 obviarn
488 4009 582 4067 inultis
593 4026 625 4066 cx
637 4010 699 4068 aula
711 4007 818 4067 Gallica
835 4008 903 4067 viris
914 4008 1006 4078 clarit,
1039 3950 1134 4140 'slip-

1017 4100 1068 4143 nai
1107 4098 1134 4139 Ε·

1000 4212 1013 4246 ἱ
