2316 4416
392 374 522 465 Liber
549 374 724 467 Pronus.
1032 413 1083 490 17

59 504 170 589 ripam,
181 498 230 563 sub
242 496 369 577 lltllolia,
385 507 421 563 ad
448 510 581 563 orientem
595 504 714 587 speClans
727 502 763 561 cll
776 502 878 579 Gorea,
896 501 1085 568 frumentariis

62 586 161 663 campis
174 580 286 639 nobilis.
323 582 358 638 lit
371 578 417 638 sub
431 580 481 640 bac
494 586 592 640 iterum
609 602 680 643 inter
701 583 794 640 Taum
806 584 834 641 dc
847 580 942 641 lzseam
954 587 1078 665 partcdla

60 656 195 737 Angusta,
213 655 280 729 lire,
297 674 327 712 ut
338 656 417 737 prisci
440 658 513 715 Scosi
531 659 687 741 loquuntur,
713 658 823 717 AEneia.
860 662 926 717 Sunt
949 666 998 743 qni
1016 664 1077 719 Ho-

18 778 24 787 .
59 737 182 806 relliam,
199 752 258 805 aut,
274 737 348 807 juxta
361 732 510 793 dialectum
523 734 568 791 An
589 734 688 807 lorum,
700 736 847 793 Forelliam
860 738 964 793 dietant
977 756 1081 819 putent.

57 810 89 867 lo
100 830 134 867 ea
145 807 309 880 sunturbcs,
326 809 459 889 Cuprum,
476 810 504 867 ἄ
517 758 591 891 (μισῇ
604 811 732 871 Boethius
750 830 848 892 patrrae
863 812 917 869 suar
937 816 1078 895 gratuler-s

56 881 206 944 ambitiose
219 884 376 942 Deidonum
390 904 480 943 vocat.
515 888 598 944 Vetus
608 892 682 945 enim
696 907 796 946 nomen
811 888 977 946 Taodunum
996 884 1076 949 fuiss'e

57 981 128 1035 reor,
146 982 164 1019 a
178 962 271 1032 Duno,
289 962 319 1017 id
332 962 379 1031 cll,
396 962 473 1034 colle,
491 963 527 1019 ad
541 964 634 1022 Taum
649 962 709 1033 lito,
732 963 779 1021 sub
791 970 862 1037 cujus
876 966 1011 1023 radicibus
1024 988 1075 1047 op-

55 1040 154 1173 pidum
164 1036 384 1094 cstcxllrudlum.
422 1038 506 1095 Extra
519 1037 623 1110 Taum,
640 1040 675 1095 ad
688 1042 762 1097 XIV.
771 1039 986 1121 mrlliapallitum
998 1046 1074 1102 redte

68 1134 162 1186 more,
180 1116 281 1171 occurit
290 1111 518 1185 Aberbrothium‚
534 1114 590 1172 alio
609 1118 718 1171 nomine
732 1115 859 1173 Abrinca.
896 1118 1004 1175 Deinde
1015 1122 1074 1177 Ru·

57 1192 138 1249 lirum
153 1191 386 1260 Promontoriunt,
399 1186 462 1247 satis
474 1190 553 1271 longe
565 1188 742 1271 conspicuum.
779 1190 846 1248 Esca
860 1190 957 1250 lluviur
969 1216 1072 1277 cogno-

56 1284 153 1327 mento
168 1264 299 1322 Australis
318 1266 442 1323 mediam
464 1264 550 1323 secar:
575 1268 645 1325 alter
656 1264 721 1325 Esca
739 1267 956 1349 septentrionalis
969 1290 1029 1327 carn
1054 1292 1072 1330 a

12 1414 15 1421 Ι
57 1344 170 1403 ltlernia
189 1341 301 1399 dividit.
339 1340 437 1399 liama
458 1362 492 1398 na
507 1361 539 1398 ex
559 1362 634 1423 parte
649 1340 707 1399 solo
722 1344 760 1399 cll
773 1342 913 1424 campestri
932 1344 961 1401 &
980 1348 1074 1425 plano,

14 1450 22 1531 p
56 1422 143 1477 detrec
154 1416 228 1475 ultra
240 1418 409 1487 Fordunum,
467 1418 621 1476 Dunotrum
636 1418 755 1475 Comitis
768 1418 905 1477 Martialis
914 1441 1015 1495 artem,
1026 1445 1073 1481 oc·

10 1543 16 1555 ..
54 1512 145 1555 curm
157 1490 245 1552 Grani
267 1498 318 1565 ius,
334 1492 474 1575 paullatim
484 1490 511 1551 se
523 1496 675 1567 dimittens,
691 1494 719 1552 d(
730 1498 758 1550 in
768 1515 843 1552 mare
853 1492 997 1554 subsidens.

10 1570 15 1626 i
95 1570 202 1630 xxvi
222 1514 304 1629 Ultra
314 1589 375 1628 eam
387 1566 620 1651 adseptentriones
632 1570 669 1627 est
681 1570 777 1638 Deva,
790 1571 873 1651 vulgo
882 1572 960 1646 Dete,
979 1572 1072 1630 llumi-

10 1650 12 1668 '
57 1648 101 1705 nis
111 1646 222 1719 ostium,
238 1646 338 1729 &plus
351 1650 440 1703 minus
459 1646 536 1703 mille
547 1643 633 1727 passus
645 1647 756 1703 ulterius
771 1646 859 1703 Dona.
895 1648 941 1705 Ad
952 1650 1071 1707 alterum

59 1720 280 1793 Abretloniaest,
304 1720 456 1779 salmonum
468 1722 570 1801 piscatu
581 1722 691 1792 nobilis,
708 1722 743 1778 ad
762 1722 878 1780 alterum
892 1722 985 1803 Epist-o
1004 1730 1013 1782 i
1032 1722 1073 1782 se-

10 1799 12 1805 '
59 1800 116 1873 cles,
131 1798 161 1857 ἃ
175 1794 273 1856 stholae
283 1797 406 1877 publicar,
423 1800 548 1855 omnium
560 1804 737 1878 ingenuarum
758 1800 961 1857 artiumlludiis
993 1822 1072 1858 oren-

10 1914 12 1920 ν
55 1892 106 1934 ees.
142 1874 223 1933 Hanc
232 1876 387 1931 citeriorem
402 1877 513 1931 invenio
524 1873 632 1933 vemllis
652 1877 834 1930 monumentis
847 1873 1003 1932 Abredeam
1024 1898 1072 1956 ap-

10 1969 14 1989 ·
55 1952 196 2033 pellatam.
234 1952 314 2009 Nunc
321 1966 465 2033 utrumque
479 1951 620 2030 oppidum,
637 1949 806 2022 Abredonia,
823 1950 931 2007 Veteris
943 1950 970 2007 8(
981 1953 1073 2011 Novae

52 2024 265 2111 cognominibus
276 2026 441 2098 distinctum,
459 2044 578 2085 vocatur.
615 2025 659 2082 Ab
671 2024 721 2083 hac
734 2042 793 2083 tam
806 2029 914 2158 anpulla
928 2023 1017 2085 fronte
1027 2036 1072 2084 in-

53 2122 98 2163 ter
108 2102 172 2161 haec
184 2102 298 2161 flumina
309 2106 404 2183 incipit
416 2104 533 2175 Mania,
552 2123 581 2161 ac
590 2099 642 2161 sese
654 2103 796 2183 paullatim
806 2102 834 2159 di
847 2122 931 2173 arans,
947 2104 983 2159 ad
996 2102 1072 2162 sexa-

52 2186 134 2263 ginta
153 2183 182 2237 in
196 2178 396 2259 longitudinem
411 2178 512 2251 millia,
527 2174 898 2261 seprotenditlladenacbam
910 2175 999 2260 usquc.
1028 2181 1071 2239 Et

52 2262 134 2341 regio
146 2274 197 2337 per
231 2272 278 2312 tuo
289 2254 371 2313 dorso
381 2259 545 2326 continetur,
574 2256 643 2313 &in
657 2272 801 2335 utrumque
817 2275 892 2311 mare
906 2255 1018 2313 flumina
1040 2276 1071 2313 c-

10 2283 16 2396 l
53 2355 103 2393 ver
125 2338 158 2389 't.
235 2330 362 2390 denachae
380 2332 492 2390 confinis
510 2330 547 2388 est
565 2330 662 2402 Abria,
692 2332 728 2387 ad
745 2350 820 2387 mare
838 2331 1071 2391 Deucaledonium

10 2399 16 2456 l
54 2431 84 2470 tn
125 2412 274 2541 lceprona,
291 2411 369 2488 regio
386 2413 429 2482 (ut
442 2406 625 2477 intchcotos)
644 2409 780 2486 inprimis
800 2404 911 2487 copiosa·
924 2411 1073 2467 maritimis

10 2463 16 2488 l

10 2497 20 2567 ἱ
53 2486 172 2546 &terre
195 2484 267 2543 ribus
278 2486 438 2543 commodis.
475 2482 520 2540 Ell
532 2479 956 2562 enim&frumcntis&pascuis
972 2487 1000 2539 in
1014 2490 1073 2564 pri-

53 2568 109 2621 mis
119 2558 202 2633 felix,
217 2560 248 2619 &
264 2579 396 2641 praeterea
409 2579 551 2619 nemorum
565 2559 679 2632 umbris,
717 2558 746 2615 dt
767 2558 918 2615 rivulorum
935 2554 1070 2618 fontium-

10 2611 26 2665 β
53 2659 110 2721 que
122 2640 295 2707 amoenirate,
313 2638 444 2711 jucunda:
469 2635 582 2716 piscium
603 2655 668 2692 vero
682 2652 814 2713 proventu
826 2634 896 2691 adeo
912 2632 1022 2707 fertilis,
1040 2653 1071 2693 ut

10 2709 12 2744 ²
52 2716 126 2774 nulli
142 2730 229 2795 prope
245 2712 343 2771 Scotite
362 2733 391 2769 re
412 2712 469 2770 inni
481 2714 569 2771 cedat.
605 2714 690 2782 Nam,
718 2728 818 2785 proter
839 2710 1013 2769 fluviatilium
1025 2734 1073 2769 co-

54 2794 148 2867 piam,
167 2809 251 2871 quam
263 2806 306 2847 tot
316 2734 521 2861 riviliffieiunt,
538 2808 615 2846 mare
627 2788 711 2859 longo
731 2786 819 2845 canali
832 2805 882 2861 per
898 2785 1009 2859 planum
1026 2784 1072 2844 so·

54 2869 115 2927 lum
129 2860 249 2924 infusum
262 2882 397 2939 penetrat,
415 2864 455 2922 ibi
477 2884 509 2921 ue
521 2883 601 2923 terrae
614 2864 707 2937 paullo
725 2864 822 2921 altiore
836 2865 960 2941 margine
972 2866 1071 2921 coerci-

52 2964 116 3003 tum
128 2938 157 3000 se
168 2940 250 2999 latius
258 2941 400 3013 diffundit,
416 2962 446 2999 ae
456 2885 574 3015 ipeciem
589 2940 685 3019 stagni,
697 2956 743 2995 aut
756 2941 844 2995 verius
857 2939 938 3007 lacus,
955 2940 1070 3014 praeben

52 3016 269 3089 undeAbriam,
286 3018 315 3074 id
328 3018 375 3089 cll,
392 3015 543 3089 stationem,
560 3019 652 3089 patrio
672 3012 795 3072 sermone
806 3014 953 3087 appellant.
990 3016 1069 3075 Idem

53 3114 172 3183 quoquc
180 3114 279 3155 nomen
288 3097 395 3175 regioni
406 3096 577 3151 circumcirca
595 3094 692 3149 vieinae
712 3091 787 3147 dant.
823 3088 883 3166 Qri
897 3091 1010 3170 Anglice
1027 3094 1070 3149 lo-

52 3190 190 3258 quuntur,
207 3188 362 3251 utramque,
379 3168 430 3225 lroc
449 3169 495 3241 cll,
512 3168 542 3227 ἃ
554 3166 640 3227 sinum
654 3168 732 3225 illum
746 3171 839 3238 maris,
865 3166 894 3224 dc
917 3170 1069 3246 regionem,

115 3268 203 3307 teram
214 3242 365 3306 &absurde
374 3244 558 3302 Loebabriam
568 3264 674 3301 vocant.
697 3244 749 3299 Hae
761 3259 815 3299 tres
827 3245 958 3321 regiones,
971 3243 1072 3319 Abria,

95 3323 258 3385 denacba&
271 3323 388 3394 Martia,
416 3321 588 3379 latitudinem
610 3320 705 3380 Scotiae
718 3322 788 3377 inter
811 3320 866 3377 duo
882 3322 970 3376 maria
993 3341 1070 3378 com-

52 3402 220 3481 pleeiuntur.

95 3480 215 3537 xxvll.
231 3474 277 3532 Ad
297 3474 409 3556 plagam
429 3470 683 3547 septentrionalem,
706 3474 833 3543 proxima
846 3470 1004 3532 Marriaecll
1017 3474 1070 3531 Bu-

51 3552 165 3628 tiranii,
188 3554 267 3613 Dona
281 3548 365 3609 fluvio
375 3550 409 3609 ab
422 3570 454 3607 ea
467 3544 566 3607 divisit.
599 3548 640 3605 Ea
660 3550 784 3605 omniurn
804 3548 900 3606 Scotiae
923 3554 1068 3613 reqionum

54 3630 208 3705 longillune
226 3625 253 3684 se
271 3630 300 3683 in
312 3648 388 3685 mare
401 3624 595 3683 Germanicum
607 3628 768 3705 exporrigit.
805 3622 908 3682 Paseuis
920 3631 1069 3709 oviumque

55 3695 194 3779 prtiventu
209 3702 360 3761 admodum
377 3698 455 3773 fclirr,
479 3698 638 3783 ceterisque
655 3702 809 3759 commodis
830 3700 866 3757 ad
884 3704 969 3759 vitam
983 3702 1070 3763 neees-

55 3780 133 3843 firiis
148 3780 198 3842 sibi
210 3774 346 3837 sufficiens.
383 3780 475 3837 Fluvii
487 3782 542 3854 ejus
552 3798 613 3834 cum
622 3774 941 3846 salrnonibusabunlent,
950 3781 1068 3841 Ratrarn

58 3880 168 3917 amnem
180 3874 273 3916 tamen
285 3856 315 3913 id
335 3875 417 3935 genus
431 3852 508 3927 pistis
534 3872 587 3909 non
605 3853 765 3931 ingreditur.
804 3852 847 3909 Ell
861 3854 890 3909 in
901 3858 956 3928 ejus
975 3856 1069 3915 littore

55 3932 191 4005 scelesta,
207 3936 278 4003 otius
287 3950 382 3990 natura
402 3930 591 4005 pretereunda
609 3949 663 3985 non
674 3930 791 3985 videtur.
826 3927 936 4011 Aquae
954 3936 1072 3992 naturali

58 4006 160 4077 murce
171 4010 304 4093 guttatim
315 4006 462 4083 dellilbns,
480 4007 571 4145 statip
587 4008 615 4063 in
627 4006 752 4085 lapidum
772 4007 935 4086 pyramidas
945 4014 1086 4081 rtrt'nnr,

10 4132 21 4144 ·
67 4124 83 4145 ·-
584 4100 601 4169 3
1053 4108 1106 4163 ac,
