2316 4416
67 413 319 511 'APUD
374 399 723 506 SUO-TO&
868 450 921 532 43

25 540 88 618 ;itur
106 538 203 598 Paultu
225 535 263 596 ad
284 557 330 597 eos
349 534 466 596 scribite
484 536 601 597 Nullum
614 537 710 618 procul
722 534 810 597 <lubio
821 555 926 599 notum

25 637 73 687 rm,
89 613 136 706 sed
157 615 204 673 illa
217 631 325 673 tantum
337 612 463 697 vulgata,
481 631 511 670 ut
531 621 603 708 cives
622 612 837 705 magistratibus,
853 613 926 706 serui

25 692 813 840 elli”lli‘nlsslffiinssllitilllffilssll
824 692 927 827 ¹2³le

26 864 87 903 ntea
109 849 256 903 intentiore
277 864 325 904 nos
340 841 392 902 elle
405 844 516 917 debere,
533 861 564 901 ut
586 863 636 925 per
658 864 752 902 omnes
774 841 926 903 officiorum

26 920 99 978 nibil
122 924 319 994 omitteremus,
335 921 409 1005 quod
432 922 468 977 ad
481 920 629 980 bominum
642 921 860 980 benevolentiam
874 919 931 979 bo*

25 999 109 1055 rtibus
126 1000 346 1078 comparandum
363 995 451 1056 facere
469 995 563 1078 pollet.
601 999 644 1057 lta
656 1000 773 1057 demum
792 996 929 1070 futurum,

25 1095 46 1131 n
67 1075 121 1131 Dei
141 1091 253 1154 propter
265 1095 315 1133 not
327 1077 399 1132 inter
440 1093 513 1133 entes
526 1073 594 1133 bene
604 1072 767 1147 audiret&
799 1075 870 1133 lotia
889 1072 930 1133 E-

37 1152 116 1207 latius
128 1171 178 1285 fito
213 1169 331 1232 geretur.
367 1093 487 1210 Adbaec
500 1150 652 1230 prestanda
666 1170 732 1232 paee
778 1093 857 1210 blica
870 1164 930 1211 erat

25 1231 80 1302 ujus
96 1247 127 1284 cu
149 1250 167 1287 o
188 1246 215 1285 es
227 1245 305 1286 erant
324 1227 460 1309 Principes
476 1227 504 1286 δι
525 1228 710 1309 magistratus,
726 1246 755 1285 et
767 1250 776 1286 ι
788 1228 865 1287 mali.

25 1308 36 1361 ἶ.
54 1299 137 1361 Visne
157 1303 238 1380 hujus
258 1307 298 1363 rei
319 1304 492 1364 manifestam
504 1323 567 1363 ante
579 1305 668 1363 oeulos
679 1306 733 1364 tibi
744 1326 844 1387 ponam
857 1302 932 1361 ἰωὴ-

43 1381 143 1459 FInge,
160 1382 196 1438 ad
209 1378 392 1454 Christianos,
410 1385 459 1462 qui
479 1377 525 1439 sub
546 1379 644 1439 Turris
656 1384 761 1452 vivunt,
777 1382 930 1465 aliqueme

25 1456 173 1514 lolioribus
192 1454 316 1526 scribere,
332 1458 369 1515 ael
382 1456 518 1530 homines,
533 1459 657 1536 inquam,
675 1477 705 1516 re
716 1477 819 1529 tenues,
836 1456 931 1515 animo

26 1552 48 1603 s,
65 1533 92 1591 ὅ(
117 1536 246 1604 inermes,
264 1535 291 1593 ἃ
316 1551 425 1611 paucos,
443 1533 473 1591 ὅ(
486 1533 521 1591 ad
536 1554 646 1591 omnem
660 1538 785 1592 omnium
799 1533 929 1606 injuriam

25 1628 55 1663 u:
77 1611 155 1688 qnid,
173 1630 251 1691 rogo,
268 1610 345 1667 aliud
358 1606 519 1680 consuleret,
535 1630 617 1701 quam
632 1611 708 1691 quod
726 1607 823 1668 Paulus
840 1605 932 1665 Eccle-

25 1701 99 1741 :tum
109 1689 209 1745 Romu
220 1705 289 1758 erat,
307 1707 392 1769 quam
406 1686 481 1766 quod
492 1688 644 1743 Hieremias
658 1691 685 1744 in
696 1683 807 1764 Assyria
821 1682 934 1743 exulan·

25 1760 185 1819 onsulebatt
204 1762 276 1819 Illud
288 1782 381 1820 autem
402 1760 573 1819 tertill'unum
588 1761 625 1819 est
636 1781 838 1844 argumentum,
855 1756 930 1839 quod

31 1856 126 1892 eorum
149 1835 307 1911 homlnum,
324 1840 360 1896 ad
373 1857 443 1919 quos
455 1857 515 1895 tum
527 1835 668 1910 scribebat,
686 1857 739 1896 non
760 1856 850 1895 autem
872 1837 934 1892 uni·

25 1933 49 1968 m
63 1914 179 1985 civium,
197 1917 332 1971 rationem
355 1913 485 1986 habebat,
503 1915 587 1996 quod,
605 1936 667 1973 cum
685 1918 849 1973 maritorum
868 1930 934 1992 erga

37 2007 152 2045 uxorum
168 2008 230 2066 erga
246 1994 370 2061 maritos,
388 2008 532 2068 parentum
555 1993 584 2047 ln
603 1992 713 2063 liberos,
729 1991 877 2048 liberorum
890 2007 934 2045 er·

25 2083 105 2135 entes,
124 2063 262 2121 servorum
285 2069 314 2122 in
335 2067 473 2137 dominos,
491 2066 669 2124 dominorum
681 2073 711 2125 in
724 2064 822 2138 servos,
840 2081 934 2122 mutua

25 2159 62 2196 :er
75 2138 248 2221 persequatur
261 2140 358 2213 officia,
376 2142 451 2223 quod
465 2138 497 2199 fit
510 2143 680 2221 magistratus
689 2141 804 2200 officium
814 2136 861 2196 etl]
872 2137 935 2197 scri-

25 2235 42 2271 n
64 2235 156 2272 tamen
168 2235 213 2272 cos
226 2221 390 2275 nominatim
401 2219 649 2298 (quemadmodum
664 2222 692 2275 in
706 2215 884 2298 superioribus
897 2212 932 2273 ab
976 2204 987 2227 ⁹

25 2313 65 2347 rm
79 2290 130 2362 cll)
147 2291 302 2370 compellat.
339 2291 435 2372 Qum
448 2291 485 2350 ob
495 2292 613 2351 mulsam
627 2295 700 2352 nulla
714 2314 775 2351 eum
788 2294 824 2350 ad
844 2294 936 2369 Reges

25 2362 139 2449 utusque
151 2367 219 2424 alios
232 2364 335 2425 dediffe
373 2388 486 2448 recepta
508 2370 688 2448 putabimus?
706 2366 855 2464 prasertim
873 2387 936 2427 cum

25 2442 107 2499 libido
119 2442 308 2527 multomagis
321 2390 385 2502 εὕει
396 2445 486 2525 legum
495 2445 607 2504 vinculis
620 2446 839 2519 conlirrnrenda,
850 2463 934 2529 quam

24 2523 106 2576 rum?
145 2541 209 2579 uam
232 2522 316 2580 aliam
340 2517 459 2581 causam
482 2523 659 2595 arbitremur,
675 2544 760 2603 quam
774 2522 848 2604 quod
867 2518 936 2576 nulli

25 2593 71 2653 'ent
84 2599 113 2652 ln
122 2542 239 2656 {colesea
248 2597 377 2678 Reges&
390 2598 562 2681 magistratus
573 2599 609 2657 ad
622 2620 691 2684 quos
702 2595 851 2658 scriberet!
869 2598 935 2656 Fin-

25 2671 78 2730 lum
92 2672 134 2731 b'u
146 2674 311 2754 temporibus
329 2677 432 2747 vivere,
450 2677 548 2755 quibus
569 2695 625 2733 non
648 2676 733 2735 modo
752 2695 786 2752 po
806 2673 873 2744 ulus,
889 2670 937 2729 sed

27 2768 53 2805 es
66 2751 150 2807 etiam
164 2748 355 2807 Christianum
367 2770 466 2809 nomen
480 2749 651 2830 profitentur.
688 2751 730 2809 Sit
748 2769 763 2808 e
802 2769 846 2806 em
867 2765 939 2804 tem·

25 2827 119 2905 inceps
132 2824 243 2919 aliquis,
260 2829 309 2907 qui
323 2846 376 2882 non
390 2827 475 2886 modo
494 2827 566 2907 leges
578 2824 721 2897 humanat,
736 2824 880 2883 sedetiam
895 2823 940 2879 eli·

25 2900 61 2959 '2ae
74 2902 185 2961 libidinr
203 2898 306 2961 censeat
319 2902 451 2960 obnoxias
464 2899 516 2961 elle
528 2903 626 2962 debere
639 2927 645 2960 ι
663 2904 711 2995 qui
724 2898 769 2960 sua
785 2920 839 2960 non
852 2898 938 2956 modo

28 3021 35 3047 ,
53 2976 197 3037 sedetiam
211 2999 301 3051 nutus,
319 2997 370 3057 pro
383 2979 488 3053 legibus
506 2977 601 3037 habeti
620 2979 707 3038 velit:
725 2981 784 3061 qui,
802 2994 832 3034 ut
845 2978 935 3059 inquit

31 3053 194 3135 Evangelio,
212 3068 299 3137 Neque
317 3066 402 3117 neum
415 3062 518 3127 timeae,
535 3077 615 3138 neque
634 3070 784 3117 revereatur
803 3056 937 3113 nonime

25 3127 160 3188 clesrnrum
176 3150 321 3211 proventus
333 3127 426 3190 scurris
439 3131 467 3189 &
482 3131 677 3205 balatronibus,
693 3153 727 3190 ne
739 3132 808 3213 quid
823 3131 940 3210 nequius

40 3206 165 3264 dividat:
205 3211 232 3266 ui
246 3208 395 3267 sincerioris
407 3208 548 3279 religionis
566 3210 679 3267 cultores
698 3209 823 3279 irrideat,
839 3205 868 3263 &
885 3221 941 3338 {to

41 3282 70 3340 &
84 3229 311 3343 msanitllabat:
329 3285 443 3367 quidde
457 3282 500 3343 bis
521 3285 616 3343 Paulus
635 3286 671 3344 ad
689 3280 833 3344 Ecclefiam
844 3278 895 3338 sert
913 3296 943 3337 e-

25 3360 32 3417 ἱ
46 3355 95 3415 srbi
108 3355 258 3418 consentire
271 3359 355 3433 volet,
371 3381 434 3418 eum
447 3356 473 3417 se
485 3382 536 3441 pro
552 3359 710 3441 magistratu
723 3360 881 3420 habiturum
893 3375 943 3413 ne-

35 3433 198 3493 Christianis
218 3435 345 3494 omnibus
358 3436 513 3509 Interdicet,
531 3456 564 3493 ne
586 3438 722 3508 convillu,
741 3455 776 3496 ne
795 3432 945 3513 colloquio,

25 3506 159 3568 fitetudine
174 3517 229 3586 ejus
243 3529 365 3584 utantur,
382 3511 503 3571 civilium
524 3513 618 3587 legum
660 3533 734 3573 mnas
746 3510 848 3571 civibus
860 3509 947 3567 reliu-

26 3606 73 3644 nec
105 3605 186 3646 raeter
198 3585 315 3645 officium
329 3607 374 3645 eos
393 3586 481 3646 faeere
494 3587 671 3661 existimabit,
689 3586 721 3663 ss,
737 3609 797 3646 eum
811 3607 865 3668 quo
882 3586 944 3666 lege

34 3608 140 3722 nullbm
151 3664 189 3722 ell
201 3661 263 3745 ipsu
280 3669 488 3738 commercium,
504 3685 568 3725 eum
583 3684 618 3723 ne
631 3664 708 3727 suum
721 3664 773 3725 effe
783 3666 889 3747 Regem
900 3681 947 3722 at·

25 3760 67 3796 ut.

25 3816 66 3873 uI.
82 3813 188 3873 Aenon
209 3815 297 3872 deerit
311 3835 345 3875 ex
364 3815 454 3876 aulica
466 3814 603 3890 struitute,
620 3820 679 3899 qui,
696 3816 807 3901 qttanelo
820 3814 946 3897 perfugi·

25 3890 126 3950 nestum
139 3912 192 3951 non
204 3889 334 3970 suppetet,
345 3909 379 3952 eo
394 3894 569 3975 impudentia·
576 3898 730 3976 perueniat,
741 3911 774 3953 ue
783 3892 870 3966 dieat,
886 3892 946 3953 De·

25 3968 89 4047 pulis
100 3971 202 4027 irarum
223 3968 375 4046 Tyrannot
388 3972 557 4031 immittere:
574 3990 643 4055 quot
655 3970 731 4031 velut
743 3971 779 4032 ad
793 3988 888 4051 penus
898 3986 950 4027 ex·

25 4043 362 4115 omnificesonuituat.
398 4045 640 4149 Quodne-verum
651 4040 955 4191 ferramento&
