2316 4416
198 472 203 483 '
226 454 358 546 Liber
383 450 560 545 Primus.
691 508 701 533 .
854 471 913 571 33·
1011 499 1017 507 ·

25 578 94 635 tima
105 576 162 659 post
173 574 251 637 illam
264 580 301 637 est
313 576 400 637 insula
413 579 660 639 Hethlandicarurn
673 580 808 651 maxima,
819 596 910 661 qima

25 651 137 711 nullam
151 655 248 714 incolae
269 656 464 714 Coneimntem
485 676 519 737 ap
554 656 631 730 llam,
654 652 794 735 sexaginta
818 652 912 714 millia

25 732 111 810 Longa,
131 731 185 789 lata
196 732 297 790 alicubi
311 731 440 804 sedecim,
457 737 486 789 in
498 754 517 814 p
528 735 615 791 urima
629 751 713 814 parva
733 728 761 788 se
780 750 909 811 promon-

25 827 98 887 gens.
134 808 198 865 Duo
210 827 317 866 tantum
328 806 388 865 sunt
407 830 468 889 quae
480 814 624 866 nominare
641 826 696 864 non
708 811 736 888 pi
757 826 818 865 eat:
836 807 908 865 alte-

25 904 79 953 um,
97 878 142 939 sed
156 884 310 963 angustum,
327 887 355 940 in
369 883 560 965 septentriones
569 885 688 943 excurrit
705 899 714 951 ;
733 828 850 941 iterum
865 885 907 942 la·

25 962 122 1016 [entem
133 959 288 1020 hibernum.
326 962 471 1019 Maritima
485 959 543 1020 sere
566 960 735 1019 habitantur.
770 961 905 1019 Interiora

25 1035 103 1092 rimal
128 1053 228 1117 praeter
247 1036 380 1095 volucres,
396 1038 464 1096 adit.
499 1039 536 1097 Su
584 1037 686 1096 ioribus
699 1037 787 1110 annii,
804 1034 905 1094 incola

25 1132 75 1169 um
89 1117 205 1190 majores
217 1133 312 1172 eorum
324 1111 456 1186 solebant,
474 1059 596 1174 exeoidie
613 1130 767 1171 tentamine:
787 1108 834 1169 sed
843 1111 906 1169 nul·

25 1184 135 1247 iicceisu.
171 1188 290 1249 Divitiae
303 1194 342 1248 eis
353 1188 440 1249 sunta
451 1190 532 1265 mari,
563 1189 601 1249 ab
620 1194 697 1248 omni
710 1204 786 1273 parte
796 1184 902 1247 summa

25 1265 206 1325 ommoditate
220 1264 333 1338 objedia.
354 1326 357 1331 ,
371 1264 418 1323 Ab
432 1285 464 1325 ea
475 1268 510 1325 ad
531 1269 624 1327 decem
637 1265 728 1325 millia
743 1262 905 1345 septentrio-

25 1361 46 1396 rs
59 1341 96 1397 est
109 1342 176 1398 Zeal
186 1341 247 1415 lita,
262 1340 341 1431 supra
350 1344 450 1423 viginti
459 1343 549 1402 millia
562 1344 608 1401 lon
627 1364 654 1415 a,
663 1341 725 1401 οᾶο
737 1340 793 1399 lata
806 1365 813 1400 r
832 1340 903 1399 adeo

25 1416 116 1474 :ullum
129 1419 234 1477 animal
246 1422 296 1477 nin
311 1419 371 1476 illic
383 1435 478 1478 natum
495 1417 574 1479 ferat.
609 1364 644 1479 dn
656 1415 707 1475 hae
721 1416 846 1474 habitare
858 1418 904 1475 di-

25 1492 111 1550 nenlis
124 1514 270 1566 mercator,
297 1503 348 1576 qui
359 1508 453 1553 omnei
474 1516 575 1555 meroes
594 1497 722 1565 exoticas,
740 1510 854 1569 quarum
870 1492 904 1551 il·

29 1568 119 1625 bunne
142 1572 266 1628 omnibus
285 1569 446 1653 suppeditet.
483 1574 559 1630 inter
574 1569 644 1630 hanc
659 1570 688 1627 de
707 1568 902 1627 continentem

25 1640 81 1703 ‚irlae
98 1648 229 1721 minores,
258 1646 359 1729 Ungi,
388 1651 476 1720 orm,
500 1650 597 1731 Bigga,
628 1642 782 1705 Sanstftrri.
819 1645 904 1703 Ultra

28 1739 69 1777 ter
80 1740 181 1780 novem
201 1721 291 1783 millia
311 1724 347 1781 ad
359 1721 570 1807 septentrionem
579 1726 646 1799 jaret
659 1721 753 1795 vona,
768 1718 848 1801 supra
859 1725 905 1779 ui-

25 1796 59 1854 lia
79 1800 108 1855 in
121 1798 233 1876 longum
246 1800 380 1878 porreela,
404 1802 433 1857 in
454 1800 541 1860 latum
552 1797 619 1858 sex:
649 1799 740 1881 plana,
757 1796 904 1878 &alioqui

25 1873 217 1956 roenaaspeiiu,
234 1873 285 1932 nili
299 1877 371 1950 quod
393 1876 440 1934 lon
460 1896 475 1933 e
495 1874 642 1936 saevurmo
663 1878 737 1932 mari
755 1872 906 1933 ambiatur.

25 1949 84 2008 c&
107 1951 404 2023 Zealsuntinterjeiiae
457 1958 494 2025 ia,
515 1954 584 2025 Ura,
599 1949 703 2031 ¹Linga.
740 1948 825 2005 Extra
838 1968 902 2007 eant

25 2044 103 2083 :ntem
115 2025 163 2084 res
174 2031 256 2086 ieiune
269 2026 458 2103 biemandum,
476 2029 560 2088 liurra
573 2051 581 2087 ι
598 2026 635 2084 ad
648 2030 828 2083 oriententem
841 2023 904 2084 Bal·

25 2122 86 2184 ega,
104 2049 225 2177 Fotiara,
242 2100 344 2192 septem
357 2104 448 2163 millia
461 2105 508 2161 lon
527 2128 554 2177 a,
579 2100 613 2160 ab
632 2103 715 2159 Vusta
736 2096 838 2182 septem
859 2102 904 2158 di·

25 2178 174 2249 aneale,
192 2181 220 2238 de
233 2179 338 2252 obicem
350 2180 507 2263 fretoquod
545 2178 631 2238 ustam
649 2198 664 2235 a
688 2178 771 2235 Zeale
792 2176 903 2236 dividit.

28 2258 116 2335 inceps
126 2254 220 2319 insulae
230 2256 365 2336 ignobiles
376 2258 578 2339 praetenduntur
589 2253 717 2312 orientali
728 2253 904 2310 Continentia

25 2328 87 2402 ecla,
103 2330 213 2391 Skeniae
226 2333 372 2390 orientales
382 2352 446 2405 tres,
463 2330 593 2402 chualsa,
610 2326 859 2407 Nollundaplirasa
872 2328 903 2387 ἃ

25 2423 95 2465 atera
106 2408 270 2466 occidentale
279 2408 504 2483 cinguntSlreniae
527 2405 714 2477 occidentales,
731 2409 840 2477 Kortia,
851 2406 904 2463 Pa-

63 2483 187 2558 Voneda,
214 2486 286 2565 Papa
306 2471 404 2559 niajor,
422 2486 513 2559 Valla,
531 2484 672 2557 Trondra,
696 2484 791 2552 liurra,
807 2481 909 2540 flaura·

25 2578 89 2617 aura
101 2563 212 2627 minor,
232 2562 260 2619 &
272 2565 343 2619 inter
355 2582 399 2622 eas
413 2563 528 2620 totidem
538 2558 593 2619 sere
603 2559 716 2618 Holmae
728 2555 906 2639 interspersit.

25 2634 173 2693 cinerario
193 2635 383 2698 Hethlandicit
410 2640 509 2697 eadem
522 2660 585 2721 quae
596 2632 818 2694 orcadensibus:
850 2631 903 2693 nisi

25 2728 43 2793 a
55 2714 146 2790 copias
156 2714 315 2772 domesticas
323 2714 414 2794 paullo
426 2713 554 2797 asperior.
589 2711 746 2770 Vestiuntur
758 2708 905 2768 Gennani-

25 2786 52 2841 τά
65 2790 138 2859 juxta
163 2789 304 2848 facultates
324 2811 377 2848 non
394 2792 527 2850 indecore.
564 2791 711 2847 Proventus
734 2786 791 2845 illie
813 2786 850 2844 eli
869 2806 905 2849 ex

31 2868 140 2941 generis
152 2862 249 2938 crasso,
269 2887 351 2949 quern
366 2870 501 2947 Norvegis
517 2867 646 2938 vendunt,
663 2886 698 2923 ex
717 2863 779 2921 oleo
792 2883 806 2918 e
820 2861 905 2954 pisci·

27 2942 70 2997 nis
82 2938 214 3011 consedio,
232 2962 248 2999 e
259 2942 367 3020 butyro,
386 2942 521 3024 episeatu.
558 2938 697 3000 Piscantur
710 2938 840 2997 naviculis
853 2941 905 2997 du-

25 3034 146 3085 morum,
163 3015 501 3101 quasfadlareNorvegis
520 3034 656 3077 coemunt.
694 3014 776 3096 Qios
786 3020 905 3097 ceperim

25 3108 89 3147 i'tlm
100 3089 153 3149 sale
166 3096 305 3167 condiunt,
324 3099 425 3176 partim
439 3085 521 3154 vineo
534 3093 639 3154 ficcant.
677 3094 718 3151 Ex
739 3094 773 3151 iis
791 3090 848 3151 fere
862 3111 906 3150 rt-

25 3167 83 3224 litit
96 3175 236 3249 pecuniam
247 3170 401 3245 conficiunt,
421 3175 492 3232 unde
505 3172 650 3253 vedligalia
663 3165 784 3235 solvunt:
809 3169 906 3227 domos

27 3241 163 3315 habitent,
183 3245 372 3326 supelleililem
389 3249 551 3321 universam,
568 3270 599 3306 ae
610 3266 739 3326 magnam
748 3244 834 3303 vieius
862 3264 907 3303 ar-

25 3337 70 3376 int.
108 3323 139 3378 In
166 3324 313 3382 domestico
333 3324 524 3401 insirumerpn,
555 3329 603 3407 qui
623 3323 767 3400 elegantiae
790 3320 906 3391 fiuent,

25 3400 124 3475 urgenti
137 3397 248 3457 habent.
283 3397 426 3473 mensuris,
444 3404 575 3473 numeris,
593 3421 624 3459 ac
637 3400 767 3481 pondere,
791 3397 827 3455 ad
845 3418 907 3456 mo·

25 3479 145 3531 unicum
158 3492 277 3534 utuntur.
316 3473 494 3537 Germanicus
507 3480 602 3547 etiam,
620 3492 667 3535 aut
698 3496 746 3533 ene
757 3491 832 3532 vetus
846 3472 907 3531 Go-

29 3547 85 3606 illis
98 3548 195 3609 sermo.
233 3551 401 3611 Ebrietatem
413 3560 551 3635 ignorant,
560 3553 607 3610 nisi
618 3575 655 3637 qu
708 3550 818 3631 lingulis
827 3569 906 3608 men-

27 3641 94 3681 utuo
108 3630 241 3694 invitant;
261 3626 357 3701 colline
368 3630 427 3689 diet
440 3631 528 3689 hilare
541 3630 570 3687 &
581 3628 748 3711 simpliciter,
767 3622 822 3682 stne
838 3629 906 3683 rixis

27 3722 91 3783 quae
105 3700 159 3760 fert
170 3704 286 3762 ebrietas
298 3708 383 3778 vitiis,
410 3707 577 3783 transigunt:
596 3724 711 3784 eamque
733 3698 903 3760 consuetudi·

25 3796 129 3839 leimam
142 3784 295 3840 amicitiam
308 3785 478 3842 retinendam
492 3785 579 3844 facere
591 3781 639 3839 libi
653 3778 822 3864 petliradent.
859 3778 910 3837 Sa·

31 3850 174 3931 finnitudo
200 3862 226 3915 in
244 3858 395 3917 Laurentio
415 3862 537 3944 quodam
558 3858 647 3916 nostra
673 3874 752 3915 aetate
774 3859 909 3937 apparuit,

25 3928 177 3991 entelimm
195 3956 296 3991 annum
309 3956 423 3993 uxorem
447 3939 540 3999 duxit:
557 3934 732 3993 centesimum
751 3932 909 4017 quadrage-

25 4026 88 4065 num
98 4030 190 4091 agenr,
208 4009 352 4069 saeviiinno
364 4017 435 4071 mari
446 4018 477 4075 in
489 4014 535 4074 sua
555 4012 682 4075 navicula
696 4007 835 4101 piscatum
855 4028 926 4090 pto*

27 4086 196 4163 nuper,nulla
208 4091 237 4145 ui
240 4091 382 4170 grauioris
390 4094 486 4159 morbi
504 4091 708 4177 labefailetut,
723 4089 777 4155 sed
792 4086 879 4151 settin
888 4082 941 4144 so-
1033 4160 1036 4164 ,

25 4159 75 4219 tit.
218 4184 220 4189 ·
737 4174 773 4237 L
788 4174 811 4234 i
828 4164 908 4233 ΜΞ
918 4165 961 4222 R
