2316 4416
270 482 403 574 Liber
419 487 617 576 Decimus
634 492 837 605 Septimus.
996 528 1075 609 5¹7

43 609 213 700 propinquos
228 608 332 687 equites
345 601 538 679 discurriil'ent,
552 608 686 686 postridie
697 610 817 671 custodes
835 612 871 671 ad
888 612 960 675 fores
972 620 1075 699 Regias

44 684 164 765 rppmiitt
175 700 314 763 apparent,
326 681 388 741 aliis
401 685 616 767 indignantibus,
634 684 695 743 aliis
707 689 865 749 ridentibus.
901 690 987 767 Hujus
999 717 1068 750 turn

41 766 138 820 mmet
150 770 281 831 suntme,
298 756 347 815 erfi
360 758 412 834 ipsi
423 759 524 819 scirent
535 762 618 841 uulgo
628 759 713 821 fidem
727 761 776 822 libi
788 786 843 824 non
854 764 962 839 baberi,
981 789 1074 829 tantun

45 836 101 912 ipli
114 835 202 894 socurn
215 836 373 916 gelliebant,
387 835 475 897 securi
488 842 524 897 de
534 843 663 919 opinione
677 838 831 917 hominurn,
859 862 921 900 eutn
933 850 1072 905 nerninem

44 934 145 972 eorum
198 914 335 971 iaderam
347 910 398 971 tibi
409 916 502 997 palam
517 935 730 997 repugnaturum
750 924 817 977 certi
830 918 921 979 essent.

30 1008 35 1014 ·
85 991 156 1047 XXI
183 1031 191 1046 .
208 989 254 1047 nt>
275 990 327 1046 boc
346 992 438 1064 initio,
455 992 516 1049 aula
529 996 559 1049 in
571 992 665 1049 luxum
677 992 706 1049 dt
717 992 857 1053 lasciviam
869 1000 1014 1077 precipue,
1033 1019 1073 1065 tus

44 1083 141 1125 tamen
154 1062 242 1125 adbuc
255 1064 427 1149 nquabiliter
440 1069 591 1141 dicebatur,
602 1068 631 1126 de
641 1065 737 1127 scelera
749 1072 944 1151 pleilebantur.
960 1076 1072 1131 Summa

32 1144 123 1201 'enim
136 1162 226 1199 rerunt
241 1158 322 1215 penes
340 1144 475 1225 Jacobum
492 1148 606 1225 Regina
619 1142 735 1205 fratrem
747 1164 817 1219 erat,
846 1154 895 1231 qui
912 1150 948 1205 nb
962 1146 1073 1207 ibt-eiro-

45 1221 146 1277 dinem
157 1218 187 1276 dt
200 1224 359 1311 aequitatem
371 1224 471 1280 cundiis
483 1240 544 1279 erat
555 1242 640 1281 casus.
677 1220 799 1283 Consilio
815 1226 845 1281 in
861 1229 959 1300 pritnis
978 1228 1072 1283 ureba-

44 1293 240 1355 turGulielmt
258 1294 422 1371 Metellani,
439 1294 613 1357 adolescentis
631 1294 739 1357 surnmo
756 1304 875 1383 ingenio,
893 1306 994 1384 quique
1012 1322 1072 1361 ma-

113 1376 172 1448 jarn
184 1374 298 1429 dederat
310 1374 442 1453 praelata
452 1374 551 1433 indolis
562 1393 594 1432 ex
629 1382 758 1448 rimenta,
773 1398 957 1466 ntatnatnqoc
981 1382 1009 1435 in
1023 1400 1072 1458 po-

159 1446 386 1531 exspeiiationem
398 1454 555 1511 concitasti.
579 1394 687 1509 lldrum
696 1440 1069 1513 viuuec‘diconbliosaetum

43 1526 95 1597 eti,
114 1522 234 1584 urdor'ni
253 1524 282 1584 ὃ(
299 1524 368 1585 foris
385 1524 451 1587 esset
470 1526 578 1586 flamma
599 1528 802 1608 tranquillitas;
830 1530 896 1587 &is
913 1550 1004 1588 rerum
1019 1530 1070 1587 ila-

43 1618 200 1681 ttrs,·quem
212 1602 277 1661 boni
289 1620 425 1684 cuperem,
440 1600 548 1663 fastiost
562 1608 652 1685 tnagis
662 1606 812 1685 indignari,
822 1627 906 1686 quam
919 1612 1009 1688 queri,
1020 1628 1070 1687 po-

44 1695 148 1737 terant.

85 1752 175 1811 XXV.
192 1754 265 1812 Inter
284 1751 351 1827 hec,
368 1758 396 1812 in
417 1762 493 1839 regia
515 1770 575 1816 orta
596 1754 632 1813 est
650 1752 819 1827 consultatio,
845 1776 908 1839 quae
924 1774 996 1813 totns
1014 1773 1070 1813 tres

44 1826 152 1891 menses
163 1830 315 1891 univcrfint
327 1831 418 1891 aulam
432 1838 556 1891 exercuit·
593 1831 655 1912 Qui
668 1836 794 1908 proxime
804 1831 980 1913 lbperioribus
992 1837 1073 1890 annis

43 1926 94 1969 ant
106 1910 196 1983 Reges
207 1908 326 1982 fuerant,
343 1910 490 1969 aurionno
501 1912 528 1967 R
564 1928 609 1965 usn
622 1927 771 1981 tenuerant,
788 1910 923 1990 poblicum
935 1912 1072 1982 patrimo-

44 1987 125 2041 nium
140 1986 229 2063 (quod
240 2004 379 2067 nunquam
395 1990 423 2042 in
437 1928 594 2044 scoria‘dtit
605 1985 741 2066 amplum)
759 2006 839 2067 prope
852 1986 887 2043 ael
898 1986 1013 2043 nibilum
1026 2006 1071 2043 re-

45 2062 191 2141 degerant,
208 2060 236 2118 &
255 2064 442 2121 immoderata
452 2060 737 2141 Reginaeluxuinibil
750 2060 889 2120 eratsatis.
925 2064 1069 2120 Procerum

43 2136 174 2217 acplcbis
187 2134 337 2211 facultates,
354 2143 543 2219 proximorum
563 2155 717 2210 temporum
740 2137 909 2209 tumultibus,
926 2137 1071 2195 vehemen-

44 2232 89 2271 ter
101 2230 180 2271 erant
191 2231 360 2272 attenuata:
385 2215 456 2273 nibil
475 2213 600 2283 restabat,
624 2215 695 2271 unde
720 2218 749 2272 in
765 2216 913 2273 aulicorum
930 2210 1067 2271 sumtuum

39 2286 182 2360 iirbfidiis,
198 2290 305 2373 aliquid
318 2290 413 2347 deradi
422 2306 538 2371 poterat,
550 2305 648 2363 praeter
661 2287 819 2348 sacerdotia.
855 2287 970 2348 Accessit
980 2295 1008 2347 in
1021 2310 1071 2346 au-
1082 2287 1088 2295 ’

41 2362 279 2435 lamsauerdnrutn
286 2368 442 2453 principes:
459 2366 590 2441 arljunlli,
615 2366 806 2441 eprirrtoribus
822 2366 994 2423 Nobilitatis.
1020 2370 1068 2445 qui

35 2444 90 2501 ψεῖ
106 2444 217 2521 ingenio
227 2443 398 2525 perluadere,
416 2442 459 2501 vel
472 2440 633 2502 aufiosisare
650 2462 757 2523 eogere,
784 2440 892 2525 pollent.
930 2442 1071 2509 Tandem,

45 2518 103 2599 poli
115 2518 227 2597 longam
251 2518 486 2593 disceptationem,
502 2540 563 2577 cum
582 2515 775 2591 sacerdotibus,
791 2522 881 2597 tnagis
901 2516 1072 2576 infirmitatis

41 2592 207 2655 conscientia
220 2614 274 2652 non
293 2594 485 2669 recusantibus,
530 2616 593 2653 uam
616 2598 753 2653 rationum
776 2600 805 2655 vi
857 2598 964 2662 smmis,
981 2592 1064 2651 trans-

43 2672 137 2732 adlutn
152 2672 199 2742 est,
216 2670 244 2727 de
257 2692 273 2729 e
286 2669 419 2730 senilibus
436 2618 622 2731 Eccldballieis
640 2674 721 2729 tertia
740 2692 801 2753 pass
821 2666 907 2727 recisa
931 2670 978 2739 est,
996 2672 1067 2727 unde.

30 2750 153 2829 'Regina
167 2748 306 2805 ministros
319 2748 488 2806 orthodoxos
500 2749 595 2819 aleret,
612 2748 747 2830 reliquum
761 2753 789 2807 in
802 2744 860 2805 suos
872 2742 930 2803 usus
949 2743 1064 2803 reserua-

43 2844 97 2883 set.
135 2824 175 2883 132
189 2822 335 2889 etantanto
347 2828 453 2880 nemini
468 2829 593 2883 omnium
606 2821 658 2879 suit
667 2818 755 2903 gr'ata.
792 2822 946 2881 Sacerdotes
956 2823 1066 2895 opulen-

41 2907 129 2960 tiores
150 2900 361 2978 indignabantur
373 2904 520 2981 quiequam
534 2920 566 2957 ex
578 2902 663 2956 veteri
681 2896 788 2957 fortuna
800 2896 849 2956 sibi
863 2896 991 2955 detrahi:
1011 2899 1069 2952 Mi-

38 2980 122 3038 ndui
132 2976 277 3055 Evangelii
288 2974 359 3032 nibil
371 2980 443 3058 aequi
456 2996 470 3032 a
483 2979 589 3045 Renina
602 2972 808 3049 exipeilabant:
827 2972 863 3031 ad
876 2978 885 3031 i
905 2970 962 3031 fiam
973 2992 1063 3029 atatem

37 3076 78 3113 etr
93 3052 141 3112 illa
154 3052 283 3110 oilentata
294 3050 341 3127 spe
352 3072 405 3109 non
418 3052 487 3110 adeo
498 3042 614 3109 multum
627 3054 667 3109 tei
680 3050 861 3131 perveniebat.
921 3049 983 3106 ultis
993 3056 1068 3105 enim

43 3152 78 3191 ex
92 3128 226 3189 veteribus
243 3126 431 3203 poll‘elloribus
444 3128 551 3187 suorum
564 3124 700 3185 ftudluum
721 3146 781 3209 pars
798 3128 878 3183 tertia
896 3126 1069 3184 condonaba-

41 3226 107 3267 tur:
122 3207 221 3264 anulris
231 3208 327 3281 etiam,
346 3226 401 3263 non
415 3208 483 3262 tisis
494 3206 590 3277 modo,
606 3198 653 3261 sed
675 3200 910 3273 eiiam'foeminis,
927 3202 1067 3258 dumelliei

40 3282 314 3355 'ministeriirnerces,
331 3283 361 3341 δι
382 3300 473 3357 operae
488 3279 649 3354 permultos
666 3300 751 3339 annos
768 3278 896 3362 impensae
913 3278 978 3337 binc
1000 3300 1068 3361 prm·

39 3364 117 3428 ¹ntia,
134 3356 163 3416 de
174 3358 316 3418 ieneilutis
328 3362 470 3429 viaticum,
486 3354 673 3436 abignabatur.

85 3436 189 3495 xxvi.
205 3437 246 3495 Ea
259 3436 362 3509 bieme,
378 3438 487 3514 Regina
497 3434 631 3515 Jacobum
643 3429 769 3501 fratrem,
787 3446 889 3509 magno
907 3448 969 3487 curn
982 3426 1068 3485 bono·

42 3531 107 3572 rum
121 3516 246 3570 omnium
258 3510 370 3585 all'ensu,
388 3510 502 3570 Martios
511 3508 651 3567 Comitem
662 3510 783 3566 creavit:
801 3524 877 3576 nam,
895 3504 969 3587 quod
983 3508 1070 3561 virtu-

41 3592 68 3647 ti
82 3586 168 3645 bonos
181 3586 247 3646 eiiet
269 3588 387 3661 habitus,
404 3606 498 3645 omnes
516 3584 679 3649 laudabant3
698 3581 773 3665 quod
794 3586 892 3661 propin
916 3584 997 3637 uitari
1017 3580 1071 3636 aii--

38 3664 114 3748 quid
129 3663 193 3723 effer
205 3663 365 3737 eoneess'um,
378 3684 432 3723 non
445 3662 637 3745 improbabant
649 3677 658 3729 ;
676 3658 706 3719 &
716 3658 832 3715 utilitati
846 3602 956 3737 publicae
967 3656 1070 3713 consu!-

42 3760 105 3799 eum
117 3758 172 3798 non
183 3746 259 3821 putei
273 3740 473 3812 existimabant,
490 3740 564 3823 quod
577 3742 632 3811 rit,
656 3754 755 3819 genere
774 3734 893 3806 illullris,
909 3734 1013 3791 meriti,
1025 3750 1070 3789 er-

40 3830 82 3899 ga
95 3822 216 3891 patriam
231 3814 430 3891 iilullriliimus,
447 3816 498 3875 boe
511 3816 614 3875 bonore
627 3814 729 3885 ruilus,
757 3816 860 3887 majore
876 3831 938 3869 cum
951 3807 1070 3867 rudiori-

41 3910 102 3953 tate
116 3898 143 3951 in
157 3892 268 3975 publicis
291 3894 474 3953 funilionibus
498 3891 675 3976 procurandis
695 3886 803 3949 seriari
825 3886 928 3969 bonet.
955 3884 1094 3942 detene-

39 3988 126 4038 etane,
144 3973 319 4049 qut'liqoinae
329 3970 541 4033 beneficentiam
561 3993 598 4033 en
610 3970 739 4054 lpeilare
754 3966 922 4033 crederent,
932 3960 1120 4017 marimum

19 4043 135 4119 ‘larabi
155 4064 237 4119 quern
249 4050 286 4107 iis
295 4050 396 4123 rebus,
407 4071 471 4138 que
488 4072 541 4131 per
557 4049 725 4115 absentiam
740 4052 804 4123 <lm
813 4048 850 4102 ’Ψ
862 4040 935 4100 ‘wll
944 4032 1153 4148 ‘'emmffed

10 4114 148 4179 ”ww
158 4136 218 4181 ‘¹⁰¹'
231 4124 418 4209 dfllff³b2ss5
444 4154 518 4199 earn
546 4132 755 4199 reconciliare
773 4118 909 4191 volesne
925 4111 1062 4176 arueras
1093 4164 1157 4215 Ἣ

507 4218 537 4279 Χ
560 4236 585 4282 x
